2302 4184
128 500 762 575 ¹uanasrnaoonneor.
821 450 894 610 62}
941 516 944 521 v
1045 512 1047 519 ·

84 674 195 754 etiam
204 670 366 751 bouins
376 668 529 747 ecclesrae
539 695 615 747 non
624 691 822 769 competat,
833 666 896 750 sed

83 771 189 874 quod
205 796 283 848 non
301 768 479 849 obstante
496 771 551 848 illa
578 772 897 869 sanititatequam
940 800 943 805 ·

84 884 213 952 notam
224 868 294 950 elle
303 869 458 948 dicimus
468 868 793 967 ecclestaevilibilis,
807 871 899 949 boni

83 972 153 1053 fint
162 973 266 1049 mixti
275 971 394 1050 molier
410 972 597 1059 itatamen,
607 991 648 1047 ut
659 969 897 1048 sanliitasbo-

86 1097 224 1152 norum
249 1095 325 1146 non
353 1069 498 1147 tollatur
527 1069 758 1172 perversitate
778 1069 895 1147 malo-

82 1197 193 1253 rum:
217 1195 335 1269 neque
368 1192 564 1247 enervetur
581 1194 852 1275 sargumentum
872 1195 894 1250 a

84 1271 268 1351 sanstitate
291 1272 400 1354 vitat,
424 1269 527 1368 quod
550 1271 654 1348 multi
687 1272 722 1347 in
753 1269 897 1350 ecclefia

84 1371 179 1450 male
196 1373 342 1462 vivant3
364 1367 507 1468 semper
525 1370 708 1449 nonnullis
722 1370 829 1447 bonis
844 1369 898 1450 di·

83 1470 272 1574 spenlante
288 1469 410 1547 divina
424 1469 685 1558 misericordia,
707 1471 802 1548 inter
818 1494 896 1551 ma-

84 1571 143 1650 los
162 1569 424 1661 eminentibu5‚
449 1595 610 1669 quotum
633 1572 750 1648 odore
773 1571 896 1648 bono·

86 1694 171 1749 rum
181 1694 336 1770 operum
346 1669 503 1746 univerfi
513 1669 556 1747 ad
566 1669 845 1775 glorificandum
856 1673 895 1748 in

92 1768 219 1849 eadem
242 1769 382 1847 ecclesia
405 1770 557 1848 DEUM
584 1769 894 1868 incendanturla).
965 1793 997 1849 a.

137 1871 201 1948 lV.
227 1871 307 1978 Qui
326 1869 426 1947 secus
452 1870 627 1958 sentiunt,
650 1893 758 1969 utque
782 1869 894 1946 eccle·
916 1869 1082 1969 Quisww

87 1968 173 2048 nam
207 1971 251 2049 aa
277 1967 374 2046 solos
403 1967 526 2046 fidens
551 1970 704 2062 nenos,
746 1968 895 2050 exclusis
915 1953 1055 2028 stulu

84 2071 205 2157 malis,
230 2072 268 2148 ὃ(
286 2068 512 2169 hypocritis,
533 2068 657 2143 restrin
686 2093 772 2159 unt,
790 2095 892 2150 com·
914 2036 1083 2182 {.¹}{3¹⁰⁰¹'²'

68 2185 237 2247 'munem
256 2167 389 2244 habent
406 2188 492 2240 cum
521 2093 718 2244 nonnulis
747 2173 894 2269 opinio·
912 2137 1082 2268 §1122sssssp

85 2293 191 2354 nem,
221 2269 284 2365 qui
305 2265 341 2342 id
360 2266 583 2366 ingeminare
606 2263 790 2342 solebantz
811 2271 896 2371 quid

84 2365 192 2473 paleis
216 2390 290 2442 cum
308 2367 441 2454 tritico,
472 2361 895 2459 elementrum&
987 2408 989 2413 v
1026 2449 1044 2467 ,

88 2468 164 2555 aliis
174 2466 237 2565 qui
250 2487 374 2543 contra
388 2464 468 2542 illos
485 2463 665 2542 ecclefiam
681 2464 895 2547 catholicam

87 2563 341 2645 defenderunt.
381 2567 565 2667 Quamvis
597 2564 696 2643 suam
712 2567 895 2647 ecclesiam

84 2667 192 2746 talem
204 2665 428 2749 imaculatam
443 2662 688 2742 demonstrare
699 2692 894 2766 nequeant,

85 2764 896 2870 utolimDonatistisobjecitAuousrmus(b).
980 2748 1052 2831 ht

89 2967 138 3048 (o)
154 3006 176 3042 u
196 2966 278 3031 Sicut
301 2966 388 3047 igitur
419 2967 479 3044 (ut
490 2967 568 3029 recle
587 2981 765 3032 annotarunt
781 2968 900 3037 Fratres

130 3049 370 3127 'Wallenbutgici
388 3055 418 3112 L.
434 3055 472 3114 ll.
487 3056 522 3111 de
534 3048 613 3111 unit.
639 3057 703 3112 eccl
719 3073 742 3113 c.
764 3054 807 3132 ς.)
818 3054 850 3115 fi.
871 3096 895 3134 ‚,

132 3151 188 3213 gna
199 3134 264 3195 vita
274 3133 441 3210 apparentia
452 3134 482 3193 in
492 3132 635 3211 aliquibus
646 3135 781 3199 membris
792 3156 854 3199 cot·
870 3177 894 3216 ,‚

129 3217 220 3295 poris,
233 3216 364 3293 quamvis
375 3216 454 3301 siguq
461 3218 560 3278 mortis
574 3218 604 3277 in
614 3212 756 3294 aliquibus
766 3238 856 3282 mem·
872 3255 897 3297 „

130 3298 262 3371 bria‚non
273 3298 399 3359 inferant
409 3301 539 3374 corporis
550 3301 638 3363 totius
652 3316 775 3362 mortem
788 3322 795 3364 :
810 3303 852 3365 lte
872 3342 897 3381 ,‚

129 3380 264 3443 sanctitas
293 3399 381 3449 vera,
408 3400 471 3458 quae
491 3381 521 3440 ln
553 3381 695 3460 aliquibus
726 3382 851 3447 ecolefiae
873 3426 896 3463 ,‚

129 3463 269 3526 membris
283 3463 443 3539 repetitur,
467 3463 591 3526 ostendit
612 3467 752 3543 originem
778 3487 852 3530 vere
873 3502 897 3546 ,2

130 3544 287 3610 latinitatis
304 3548 335 3608 in
351 3543 468 3606 eccleba
480 3549 618 3619 reperiri,
638 3557 769 3625 quamvis
780 3570 850 3611 non·
873 3591 898 3628 „

130 3625 276 3691 nullorum
288 3626 395 3690 malitia
407 3627 455 3688 ide‘
475 3630 650 3710 principium
673 3650 850 3711 nonatguat.
875 3672 898 3712 „

87 3712 137 3795 (l)
160 3751 182 3786 „
198 3708 324 3775 Fortalle
350 3716 361 3783 (
374 3711 469 3786 inquit
493 3726 593 3774 contra
623 3714 672 3791 Ep.
709 3717 851 3779 Pirum.
874 3755 899 3795 „

130 3797 165 3861 L.
179 3799 221 3861 11.
236 3816 267 3860 n.
279 3805 307 3869 8.
337 3798 374 3861 Τ.
391 3796 488 3873 [Μ.
500 3797 567 3875 6ο.)
578 3795 624 3860 isti
635 3796 785 3864 audebunt
799 3817 850 3864 ne·
875 3836 903 3878 5
