2302 4184
65 39 105 311 Ι
193 282 198 305 2

518 324 528 341 h

65 390 68 409 Ι
452 356 474 381 a*
939 358 956 381 Q

171 502 616 565 vrnntarrororrrr.
640 506 736 569 err,
824 512 874 586 r,

67 664 138 727 tem
162 648 261 725 Ente
277 647 500 750 intelligente
528 651 567 729 ἃ
590 648 763 751 spirituali
797 655 877 735 ralia
985 734 996 749 ,

68 746 237 824 sucoeffio
255 744 378 856 quoad
399 750 498 848 prius
517 769 579 827 rut
596 749 788 853 posterius,
802 780 876 833 nra·

68 847 122 947 jus
152 870 217 925 aur
238 850 361 925 minus
383 848 509 925 locum
529 847 661 927 habere
675 856 814 949 nequit,
834 876 878 933 ut

69 944 154 1024 rdeo
175 945 255 1048 ipse
274 945 374 1025 solus
400 950 562 1047 primum
590 954 628 1031 δι
651 953 876 1031 immutabile

69 1045 169 1146 poffit
190 1050 338 1149 concipi
353 1049 591 1149 principium,
613 1074 743 1151 aquo,
766 1052 875 1153 quid.

72 1145 152 1246 quid
171 1169 362 1241 mutatur,
383 1146 507 1227 exiliat
528 1151 593 1248 (a).

668 1292 736 1397 lv.
758 1314 852 1396 Fru-

78 1474 117 1559 (r)
136 1478 347 1561 lrgumentum
366 1478 426 1546 boc
446 1498 486 1548 err
507 1478 567 1546 alio
587 1478 686 1547 adhuc
715 1486 812 1563 capite
834 1482 872 1552 Ι).

109 1564 160 1628 Aa
175 1583 284 1627 nort
306 1566 446 1641 strinxit,
469 1566 711 1631 vierffimdrnrbm
735 1570 876 1633 nimirum

111 1664 233 1722 rerum,
259 1648 411 1727 quomodo
428 1651 460 1711 in
474 1651 587 1713 mundo
601 1649 652 1713 hio
666 1653 696 1715 ἃ
720 1668 800 1714 nunc
823 1653 876 1715 de-

131 1730 355 1794 rthendurtturt
378 1730 458 1810 quod
481 1733 591 1795 tametfi
623 1750 683 1795 non
698 1734 800 1796 invicti
828 1754 876 1797 ro·

149 1815 188 1876 ris
220 1814 360 1876 omnibus
382 1814 473 1878 visum
495 1816 546 1891 stt,
580 1834 647 1878 eum
672 1826 771 1879 tamen
793 1814 876 1881 usum

109 1897 240 1977 prestat,
270 1912 303 1959 ut
324 1892 417 1975 qualis
436 1896 521 1961 nobis
544 1916 626 1960 ortus
656 1898 684 1960 ἃ
711 1899 876 1978 progressus

110 1980 188 2043 orbis
202 1978 310 2061 altiori·
323 1998 363 2043 ex
379 1981 499 2044 consilio
523 1978 696 2055 innotescit,
715 2001 782 2045 eum
804 2002 875 2045 con·

109 2063 280 2125 venientem
299 2066 420 2125 omnino
443 2080 509 2126 cum
525 2082 619 2126 rerum
635 2063 725 2137 saris,
749 2069 777 2128 ἃ
797 2065 877 2144 phe·

108 2148 247 2208 nomenis
281 2145 541 2223 deprehendamur.
596 2146 677 2210 Dicit
701 2148 731 2209 in
754 2166 875 2229 genera·

107 2228 226 2291 tionum
246 2224 422 2293 successione
440 2246 495 2292 nos
519 2228 673 2292 ascendere
705 2248 722 2293 a
745 2230 876 2295 multitu·

109 2310 181 2374 dine
195 2310 235 2373 ad
252 2314 416 2384 unitatem,
441 2316 468 2375 δι
495 2311 617 2375 vicissim
639 2306 813 2375 descendere
837 2313 876 2376 ab

108 2396 225 2457 unitate
249 2394 289 2455 ad
305 2392 528 2457 multitudinem.
572 2391 664 2470 Quod
677 2390 813 2471 exemplo
823 2413 878 2474 po·

108 2476 305 2557 puliJudaici
327 2496 366 2539 ex
396 2496 455 2540 uno
479 2478 729 2540 turitano
748 2478 804 2538 orti
827 2478 878 2539 de·

109 2560 211 2623 clarat.
258 2558 344 2624 Unde
355 2558 496 2623 elucescat
518 2563 547 2621 in
575 2560 796 2637 generationum
817 2558 879 2621 suc·

110 2641 241 2707 cellione
261 2659 329 2706 oum
350 2660 485 2722 tempore
497 2660 649 2705 numerum
665 2642 813 2720 augeri&
828 2660 880 2702 err·

108 2725 245 2791 crescere
265 2725 375 2804 semper
396 2728 648 2804 magis&magia,
672 2738 704 2787 ut
727 2722 802 2786 adeo
823 2722 877 2784 ho·

109 2809 159 2872 tlie
175 2827 302 2873 numero
321 2808 406 2872 finito
427 2823 539 2873 tantum
555 2807 696 2870 existente
705 2804 819 2869 infinita
830 2822 880 2884 ge·

110 2893 301 2955 aerariorum
323 2890 408 2955 series
434 2892 549 2971 agnosci
567 2911 628 2952 non
648 2905 765 2969 queat:
811 2906 880 2953 cum

110 2974 272 3056 prasertim
306 2990 389 3039 tanto
424 2977 516 3052 major
544 2990 681 3036 numerus
703 2985 754 3036 aut
783 2973 881 3034 minor

111 3058 336 3132 consideretur,
358 3078 417 3138 quo
433 3061 524 3137 magis
537 3072 586 3121 aut
608 3061 703 3118 minus
726 3056 880 3118 recedatur

113 3143 241 3220 aprima
254 3141 364 3218 stirpe,
387 3158 473 3219 atque
511 3142 568 3202 deo
589 3141 620 3201 in
631 3158 738 3217 genere
750 3137 880 3201 humano

111 3222 249 3288 universo
270 3221 342 3286 licut
360 3225 390 3286 in
410 3162 572 3303 gentissus,
596 3226 623 3286 ἃ
644 3220 760 3282 familiis
786 3220 882 3297 fingu.

112 3307 221 3370 laribus
247 3307 287 3369 ad
300 3326 484 3370 communem
506 3305 630 3384 aliquem
651 3304 776 3383 stipitem
789 3304 879 3365 deve·

112 3392 256 3454 niendum
283 3388 362 3463 elle,
394 3389 445 3468 qui
466 3388 550 3453 aliter
570 3405 655 3463 quam
683 3384 881 3465 generationis

112 3477 327 3554 propagatione
342 3472 377 3534 sir
393 3472 478 3536 satur.
523 3470 593 3534 Non
618 3469 668 3531 hio
697 3466 764 3530 sistit
783 3467 820 3530 D.
845 3468 883 3528 A·

113 3576 250 3621 rapta
278 3575 318 3620 ex
343 3556 449 3619 artium
464 3555 672 3623 scientiarum,
699 3549 806 3629 legum,
829 3548 884 3609 do·

113 3644 332 3715 tricationum,
363 3640 553 3710 commercii,
576 3634 741 3699 &historiae
767 3633 886 3693 novita-

113 3737 141 3792 te
153 3742 237 3813 urget
258 3735 490 3871 argumentumfi
506 3734 747 3875 pumumrerum
763 3710 887 3863 [ixnugnplaf

1117 3862 1134 3960 l
