2302 4184
273 502 351 591 306
406 484 934 591 mantuanannrw
1047 496 1071 551 δ”
1138 520 1143 533 ·

92 688 220 763 M„
325 656 1089 766 vt.Q10raJuaaerns0m-nbus‚quae
1137 638 1143 665 ²

92 780 263 859 judeorum
274 761 322 843 de
337 760 421 867 ipsis
437 762 609 865 proptiael
622 758 695 836 suae
717 764 910 867 continent
930 762 1089 881 scriptu·
1119 798 1143 865 q

93 862 184 962 strftu
216 880 345 951 ar'rae,
369 860 481 941 fidem
499 860 630 937 habere
647 858 873 954 oetaeum,
914 858 979 939 sabi
999 862 1143 969 ipsu-a?

94 961 160 1027 ‘⁰¹‘
184 940 262 1008 Mes·
274 960 422 1041 credant
464 956 607 1059 suoque
631 958 781 1037 maiosa
809 964 891 1042 iant.
916 958 1134 1065 Quantas*

92 1030 261 1177 fflffejag
275 1060 413 1142 aDEO
427 1010 632 1157 booeperint
649 987 925 1161 promisionea,
950 1030 1124 1169 quanta*-

92 1154 215 1274 synago
271 1157 434 1264 impensu
446 1157 643 1250 beneficia,
666 1162 705 1237 ἃ
722 1158 803 1239 data
821 1161 1006 1265 singularis
1019 1160 1096 1239 be:

18 1268 20 1275 '
93 1296 161 1355 gam
173 1295 259 1357 repu-
271 1260 493 1340 nevoientiae
509 1280 777 1349 monumenta,
803 1260 839 1338 se
876 1260 1013 1341 nescire
1028 1259 1088 1338 di·

94 1360 191 1424 diane.
275 1384 357 1439 cere
374 1384 453 1437 non
470 1354 640 1460 possunt:
682 1382 767 1434 cum
799 1382 896 1440 tanta
917 1360 1003 1438 inde
1025 1359 1087 1439 su·

271 1460 411 1562 perbiae
428 1457 619 1537 stoliditate
631 1454 855 1550 efferantur,
880 1464 918 1540 ἃ
935 1482 1085 1539 carretae

272 1559 474 1663 despiciant
493 1560 669 1636 nationes.
718 1558 825 1661 Qud
846 1586 938 1637 vero
957 1562 1088 1657 talium

269 1684 340 1765 per
358 1659 455 1735 mille
472 1655 722 1760 septingentos
734 1659 1086 1763 annossentiuntpe-

273 1760 464 1839 culiarium
503 1755 761 1832 munificentiae
797 1756 933 1833 divinae
970 1760 1086 1837 docu-

272 1855 517 1937 mentorum?
568 1857 666 1932 Vitia
693 1853 753 1933 sua
769 1859 806 1934 ἃ
830 1860 980 1933 crimina
999 1886 1086 1937 cau·

271 1958 396 2038 santur
416 1954 668 2045 impudentes:
692 1980 770 2030 non
788 1957 922 2042 abnuo,
937 1956 998 2032 sed
1015 1981 1086 2037 nec

270 2080 419 2238 fotrum
453 2055 607 2132 suorum
631 2053 780 2158 grandia
811 2053 937 2132 delisia
965 2056 1086 2134 idolo-

285 2162 384 2236 atrioe
407 2157 622 2258 cumprimis
639 2157 807 2255 requiro,
848 2180 868 2233 a
890 2181 961 2253 qua
993 2182 1083 2234 cum

105 2342 112 2349 ,
272 2259 383 2335 liberi·
397 2256 486 2347 sint,
511 2276 920 2356 tantotamentempore
941 2256 1082 2336 aDEO

269 2354 453 2447 dereliiii,
465 2355 568 2433 malis
588 2354 761 2433 omnibus
778 2355 1002 2445 accumulati,
1045 2381 1082 2432 a·-

269 2461 343 2536 trio
359 2455 439 2533 solo
456 2478 621 2532 extorres
637 2479 825 2557 vagantur,
846 2481 913 2531 nec
925 2383 1042 2532 veliis³
1055 2453 1081 2532 d

270 2556 461 2647 obtinent,
486 2578 528 2630 ut
546 2555 697 2632 DEUM
714 2553 783 2632 suis
797 2556 941 2643 ritibus,
970 2580 1081 2630 caere-

271 2659 426 2746 moniis,
451 2658 489 2733 &
510 2652 748 2733 observantiis
769 2656 889 2731 colere
920 2652 1078 2756 poffint:

269 2759 309 2837 ἃ
325 2760 420 2834 inter
436 2752 515 2831 haec
532 2756 655 2832 omnia
675 2754 766 2832 mala
786 2752 988 2855 suspirant,
1013 2777 1079 2854 ge·

267 2876 402 2943 munt,
430 2851 594 2931 Meffiam
609 2877 741 2931 vocant
758 2904 769 2943 ,
794 2855 927 2931 coelum
943 2853 1080 2932 clamo·

269 2957 372 3034 ribus
393 2958 432 3033 ἃ
453 2953 552 3031 votis
568 2956 725 3053 implent¹
740 2952 945 3032 constanter
957 2952 1079 3031 adhae·

269 3078 392 3133 rentes
414 3055 506 3155 le'gi,
532 3080 598 3130 nec
610 3057 654 3130 ab
675 3079 715 3131 ea
738 3052 920 3130 dimoveri
946 3053 982 3130 se
1009 3054 1080 3133 ulia

268 3179 345 3234 arte
364 3154 550 3253 patientes.
604 3155 824 3231 Putemusne
838 3155 992 3233 DEUM
1015 3155 1079 3231 be·

221 3300 224 3305 ·
267 3253 518 3356 nigniffimum
537 3254 744 3331 haecomnia
760 3276 833 3331 tam
851 3255 968 3355 longo
985 3278 1078 3332 tem-

266 3376 361 3456 pore
379 3351 548 3431 incassum
570 3357 612 3429 iri
634 3353 919 3453 permissurum?
953 3355 1078 3454 Majus

215 3488 223 3505 ·
267 3455 416 3552 aliquod
440 3453 653 3531 idololatriae
669 3453 780 3532 scelus
802 3452 939 3532 subesse
955 3453 1075 3542 debet,

268 3579 382 3653 quare
401 3577 475 3632 tam
498 3555 616 3641 maie,
641 3554 750 3645 dure,
782 3556 982 3653 acerbeque
1017 3552 1077 3632 ha·

267 3652 438 3733 beantur:
470 3657 565 3734 inter
580 3676 636 3733 tot
656 3656 888 3737 clamores&
915 3654 1076 3756 suspiria,

968 3775 1027 3833 rot
1125 3828 1130 3849 ,
