2302 4184
59 456 198 523 vtrle
241 464 562 529 netrerourt.
602 466 680 533 αι.
757 472 784 553 ς

55 612 189 711 ›rpnris
210 608 378 687 claudant
402 608 584 713 splendori
616 612 780 715 undique

55 714 155 799 nuri,
192 734 262 785 nec
279 707 406 785 sinenti
422 710 588 787 divinum
607 715 715 794 nobie
728 717 779 795 lu·

55 811 228 887 Numen:
252 811 317 907 qui
337 833 413 906 quo
432 809 710 909 perspicaciores
731 814 778 893 fi.

55 910 220 999 rlenrur,
247 912 285 984 in
307 906 345 985 id
364 934 493 986 omnes
518 913 654 1015 ingenii
676 918 776 994 vireu

55 1008 204 1096 ndum,
228 1031 269 1086 ut
288 1006 364 1084 suae
389 1010 567 1087 velificent
586 1015 775 1114 impietati,

58 1110 130 1185 libi
159 1112 210 1185 im
256 1111 451 1198 rvium‚&
470 1108 772 1190 innceell'umexi-

56 1232 173 1298 ntes,
191 1210 202 1284 i
227 1231 300 1308 que
313 1232 424 1284 omne
434 1206 653 1311 respuentes,
662 1209 769 1311 quod

55 1305 276 1384 ›rehendere
291 1330 505 1406 nequeunt,
527 1331 562 1386 nt
586 1311 768 1389 ueinmu·

64 1408 207 1484 divinis
220 1431 305 1507 quae
321 1408 491 1509 ignorant
509 1407 545 1484 bl
582 1406 768 1509 phemunt.

55 1508 120 1584 tim
142 1533 192 1584 eo
209 1509 347 1607 majore
364 1504 509 1584 rentuse
521 1516 646 1585 hrum
654 1506 771 1588 DEO-

55 1611 223 1710 lugunt,
257 1630 333 1707 quo
363 1606 675 1687 excellentioribus
704 1608 764 1682 in-

63 1707 181 1783 donis
207 1706 289 1781 lunt
306 1706 505 1783 instrustiu
527 1706 632 1784 Putre
652 1706 765 1783 lumi·

55 1808 200 1905 :cujus
216 1803 430 1907 singularem
457 1831 497 1881 er
560 1806 595 1883 se
618 1807 765 1908 largitu-

55 1930 116 1985 um
132 1905 227 1980 mule
244 1905 445 1993 collocant,
463 1903 497 1982 fn
536 1931 560 1982 o
579 1905 669 1983 illius
682 1904 782 2009 'usu⁸

57 2005 130 2082 'um
149 2003 374 2082 tulioreme
403 2030 525 2080 rerum
553 2028 677 2083 nutura
691 2030 756 2082 ex-

65 2106 143 2182 'um
171 2156 181 2194 ,
225 2104 391 2207 impensis
422 2105 465 2182 ad
489 2106 561 2180 hoc
583 2108 757 2184 omnibus

72 2205 250 2284 {viribun
299 2205 341 2280 Id
359 2205 460 2303 quod
486 2204 597 2280 scelua
619 2208 757 2283 mirum

87 2330 127 2379 m
155 2327 355 2406 aggravat,
388 2307 426 2384 ἃ
444 2306 553 2379 animi
579 2304 753 2403 perverst-

88 2402 234 2491 rnodit,
282 2406 423 2502 qualem
449 2404 582 2479 nullum
611 2401 674 2479 fibi
703 2402 750 2480 de

97 2530 136 2579 m
185 2503 369 2580 ersunclere
391 2505 487 2580 forte
517 2502 600 2599 quis
623 2500 752 2599 pollet,

103 2630 111 2678 t
161 2629 314 2702 requens
351 2605 504 2678 nimium
532 2604 754 2702 experientia

114 2728 155 2793 r,
181 2726 222 2779 ut
261 2703 348 2779 nihil
381 2726 454 2782 tam
481 2701 655 2780 sacratum
697 2697 753 2792 sir,

136 2826 277 2905 irrepat.

126 2948 208 3024 tque
246 2924 332 3000 hinc
360 2926 466 3002 etium
495 2947 750 3026 argumentum
768 2964 854 3027 Unde
868 2968 910 3030 ra.

133 3047 161 3100 tt
180 3027 328 3100 minime
348 3026 497 3101 DEUM
514 3026 568 3101 sui
591 3026 751 3103 suarum·
767 3048 823 3111 cile
838 3049 910 3112 libe.

139 3122 186 3214 t,
208 3123 412 3200 divinarum
429 3150 550 3200 rerum
572 3127 750 3226 cognitio·
767 3144 876 3194 rantur.

148 3223 513 3300 ronditionevoluilie
540 3223 752 3303 hominibus

157 3378 165 3407 r
193 3350 234 3403 ac
247 3348 370 3398 earum
390 3325 601 3413 arbitrium,
620 3324 749 3421 explu-

162 3448 192 3501 te
226 3423 285 3499 tali
322 3424 472 3523 periculi
508 3423 625 3524 plenae
662 3423 749 3499 uleae

172 3581 182 3604 .
240 3523 387 3623 Quare,
429 3522 528 3599 sicuti
554 3521 750 3600 Cuntsrus

177 3648 281 3707 trem
298 3623 455 3700 multum
463 3621 632 3711 laudavit,
643 3616 750 3719 quod

284 3721 321 3801 A
348 3744 367 3818 3
567 3719 703 3824 myste-
