2302 4184
120 501 573 575 rtaasrureourn
602 462 769 583 arun
797 518 873 603 ³8⁷

58 673 108 754 da
125 672 176 752 est
189 672 273 753 visa
322 671 356 750 E
372 688 535 771 quorum
543 673 762 770 numenoio.
776 673 875 755 Car.

58 797 163 853 ricus
175 798 261 852 cum
278 773 355 852 aliia
368 770 608 862 munimem
623 772 690 851 init
703 775 810 859 viam,
832 796 875 859 ut
894 806 897 811 ’

61 897 182 978 putet,
199 874 552 978 argumentationem
566 872 668 951 iiiam
680 871 876 957 Patruma·

60 973 243 1079 poiiolico
280 996 364 1049 arvo
389 975 648 1149 [mimorum
678 999 751 1074 pro
776 976 872 1058 illius

60 1096 136 1152 tem
166 1077 240 1151 oris
259 1074 388 1151 tanoni
416 1097 460 1151 us
473 1070 643 1150 idoneam
661 1075 699 1154 δι
719 1072 875 1157 solidam

58 1172 116 1253 fui
142 1201 186 1265 e,
207 1198 326 1274 neque
347 1170 439 1249 adeo
459 1193 630 1349 tanguam
649 1171 792 1268 falsam,
830 1179 872 1260 δι

59 1273 238 1352 lubricam
248 1270 503 1376 prorsusrejici
545 1273 671 1350 ebere:
694 1274 870 1363 dummm,

59 1372 114 1452 tio
134 1372 301 1462 occasio,
329 1396 401 1471 qua
422 1371 467 1451 ad
484 1370 558 1448 hoc
580 1374 786 1476 argumenti
803 1399 871 1481 ge-

60 1499 134 1553 nua
154 1470 291 1551 fuerint
315 1474 481 1572 abrepti,
507 1470 643 1575 scopus
673 1497 873 1581 argumem

60 1578 237 1663 tantiam,
252 1570 594 1652 &adversariorum
611 1573 776 1653 conditio
789 1576 873 1679 spe-

59 1675 158 1753 cialis
173 1673 362 1776 diligenter
382 1673 650 1773 expendantur:
676 1672 762 1752 hinc
770 1679 872 1756 enim

58 1797 251 1873 apparere,
279 1771 382 1873 quod
396 1772 469 1850 istis
478 1771 679 1851 rationibus
688 1773 873 1874 posterior

59 1897 164 1967 aetat,
194 1878 233 1955 ὃ(
247 1875 409 1953 Romana
427 1870 569 1952 ecclesia
594 1894 721 1951 eontra
739 1873 870 1952 Prote-

57 1973 189 2054 stantes
209 1977 420 2072 neutiquam
439 1997 524 2064 eum
548 1969 707 2049 successu
725 1995 870 2077 pugna·

59 2098 101 2152 re
118 2095 236 2173 quern
287 2074 376 2174 Hoc
388 2069 594 2146 discrimine
620 2075 871 2190 etiamnutitur

59 2169 294 2375 {odramstut
310 2171 471 2249 Garri
485 2192 535 2248 ua
557 2170 635 2267 (a),
651 2172 754 2251 &ain
767 2197 869 2253 corn·
956 2200 990 2268 a,

113 2404 160 2482 11.
174 2400 293 2507 Igitur
304 2394 481 2488 sentiunt,
510 2393 619 2478 alium
636 2394 749 2506 longe
770 2418 1048 2493 nunc-Heremo.

59 2528 172 2604 quam
191 2502 282 2580 olim
296 2500 366 2581 eise
387 2500 517 2579 statum
548 2501 793 2597 ecclesiarum,
830 2507 868 2586 ἃ
888 2524 953 2606 run
972 2509 1052 2578 calu·

58 2603 288 2683 iucceffioais
312 2601 547 2706 apostolicae‚
574 2607 731 2681 maxime
754 2605 791 2680 in
809 2630 866 2681 ee·
888 2607 1052 2688 nram.

58 2703 162 2783 elesra
171 2706 353 2795 Romana,
374 2727 458 2802 quae
485 2704 639 2803 turpiter
656 2704 809 2797 abavita
828 2703 867 2781 ti-
886 2670 1052 2827 ffssffissm

57 2806 106 2882 de
131 2801 375 2895 seceiierit‚&
389 2801 651 2905 apostataverit.
701 2806 756 2882 Ut
778 2797 868 2883 nihil
885 2841 1038 2917 ,postmss

57 2907 179 2983 dicam
203 2907 249 2982 de
271 2906 457 2981 calumniis
481 2902 569 2991 iliis,
601 2902 735 3003 quibus
757 2904 869 2983 eecle-
888 2921 1049 2997 semesam.

59 3005 147 3084 siam
178 3007 378 3082 Romanam
413 3022 636 3094 onerarunt,
666 3001 757 3081 dum
787 3019 944 3085 eamear.

59 3132 161 3184 nunc
179 3104 459 3191 idololatricam,
485 3100 783 3182 antichristianum
800 3110 870 3185 cri·

60 3208 264 3292 minantur,
284 3203 374 3279 dum
390 3224 508 3279 tamen
525 3205 628 3280 aliam
649 3203 783 3282 nullam
802 3231 870 3305 po·

57 3329 208 3385 tueruut
242 3301 423 3381 eceleiiam
455 3305 559 3379 initio
596 3301 871 3384 reformationis

59 3403 308 3484 demonstrare
323 3431 333 3479 r
357 3426 465 3504 atque
480 3401 616 3481 etiamst
638 3405 768 3481 Romae
775 3409 870 3581 ¹anri-

752 3530 848 3580 cn·

61 3649 111 3732 (a)
133 3648 202 3712 Nou
215 3648 251 3711 ad
269 3645 437 3710 Iraurauu.
462 3641 497 3711 L
517 3644 569 3711 W.
586 3667 611 3709 c.
631 3638 669 3708 ni.
690 3636 775 3711 [XI.
792 3625 875 3711 artene
913 3628 916 3643 ⁵
1038 3680 1046 3697 ·

100 3736 211 3799 XXX
214 3736 262 3795 Vi.
290 3750 346 3808 qua
359 3730 397 3793 de
412 3750 444 3793 re
464 3731 525 3792 rid.
540 3727 606 3792 iiiii
630 3744 690 3793 art.
707 3734 760 3798 W.
773 3752 805 3795 n.
823 3742 873 3812 45.
1038 3728 1041 3733 ’

99 3819 211 3885 Rmati
222 3814 394 3881 mauman
407 3817 442 3879 P.
457 3817 500 3880 ΙΙ.
523 3815 661 3880 Mur.
