2250 4206
111 510 257 571 nu
278 510 671 587 numentum.
756 516 800 599 1³

60 657 140 733 nnis
154 652 341 746 defestm
374 662 503 738 tuentis
525 672 570 738 n'n
624 659 731 755 ffiis,
764 690 806 745 nu

60 756 210 857 judiciis
228 755 414 849 confistk,
467 784 563 857 quan
589 786 618 841 o
633 762 807 847 homines

59 855 225 935 noscunt
244 857 588 957 quidemDEUM
598 912 611 953 ,
639 860 704 941 sed
724 886 806 945 non

59 956 224 1035 >EUM
258 954 477 1059 glorificent.
538 954 638 1039 Cum
655 964 807 1040 univer·
941 966 946 973 ’

63 1055 262 1157 loquendo
277 1054 543 1156 nulleunqutm
555 1060 713 1139 extiterit
730 1084 808 1143 tatu

75 1161 205 1246 natio,
235 1176 325 1258 quae
345 1181 423 1232 non
446 1156 604 1255 aliquem
626 1160 808 1245 Numinis

59 1256 130 1333 iim
154 1255 346 1343 hebuerit,
370 1253 590 1357 habentque,
632 1264 806 1359 quemvis

58 1378 114 1432 nn
135 1356 265 1435 mulne
283 1351 464 1434 coluerint
475 1360 600 1459 potius
611 1382 721 1457 quem
736 1384 804 1439 ve·

58 1482 90 1547 t,
119 1480 255 1535 omnes
281 1477 403 1533 temen
425 1453 620 1536 ostendunt
642 1460 805 1540 veritatis
933 1517 946 1555 :-
975 1456 993 1515 ·“

58 1602 60 1629 2
80 1554 236 1655 prorsus
255 1553 293 1632 se
317 1552 387 1631 effe
400 1579 577 1659 expertes.
638 1554 805 1638 Veritatis

58 1672 222 1731 intentum
240 1652 305 1759 est,
338 1655 456 1754 inquit
478 1658 644 1749 Sunuci,
667 1652 803 1763 aliquid

57 1755 138 1832 tibus
159 1753 295 1842 videti,
326 1772 485 1857 tanquam
501 1756 592 1833 Deos
606 1748 680 1861 effe,
709 1752 804 1861 qnod

57 1851 137 1931 n'bus
154 1852 198 1931 de
214 1856 300 1947 Diis
311 1857 421 1956 opinio
448 1851 548 1955 infin
560 1852 622 1959 esi,
654 1881 713 1935 nec
731 1854 802 1935 edla

57 1980 60 1991 ·
76 1975 221 2058 usquam
240 1952 283 2053 est
299 1953 379 2030 adeo
395 1974 494 2031 extra
510 1955 609 2061 leges,
634 1980 801 2060 moresque

57 2055 147 2143 ἐθα,
166 2073 285 2131 utnon
301 2050 427 2156 aliquos
443 2056 533 2132 Deos
545 2053 668 2137 credat.
687 2059 801 2160 Quo·

57 2155 101 2232 io
121 2178 218 2232 vero
247 2179 379 2231 omnes
395 2152 646 2233 consenfiffent
662 2154 807 2235 inhnnc

56 2262 203 2344 itatem,
232 2255 338 2355 cujus
355 2258 497 2357 negatio
514 2255 673 2334 hominis
693 2257 803 2335 liber·

63 2378 261 2456 tantopere
277 2351 416 2431 faviffet
437 2379 458 2433 t
477 2357 608 2432 timore
624 2356 802 2434 Numinis

56 2455 205 2545 tando,
251 2454 313 2530 cui
352 2479 480 2531 omnes
495 2454 594 2557 leges
626 2453 803 2544 insistunt,

56 2581 175 2656 amque
195 2576 330 2631 omnes
344 2554 564 2655 legislatores
575 2552 743 2631 urserunt
756 2550 803 2631 ad

56 2654 260 2732 tservnndas
293 2654 507 2756 respublicas
535 2651 699 2755 politicus
719 2654 804 2729 uni.

56 2753 304 2841 teceffnrium,
336 2753 436 2851 quod
453 2752 582 2854 popuii
603 2776 735 2831 omnes
756 2748 803 2828 fi·

55 2855 270 2956 persuadere
292 2848 387 2928 haud
403 2851 655 2942 siviffent,nist
672 2853 805 2929 vetita·

57 2958 93 3032 vi
111 2952 242 3031 adneii.
293 2950 426 3035 Extant
443 2954 631 3031 innumera
647 2956 685 3029 in
710 2949 804 3029 hanc

55 3057 192 3132 neriam
208 3052 402 3155 gentilium
420 3048 630 3132 testimonia.
655 3051 704 3129 Et
720 3052 804 3129 iicet

64 3149 350 3252 Contnepud
379 3149 676 3229 Cicenouum
709 3152 804 3229 utbi-

54 3278 107 3332 tur
138 3253 277 3332 multas
299 3248 368 3327 effe
387 3274 532 3353 gentes,
567 3252 613 3327 fic
639 3252 804 3329 immuni-

54 3381 66 3431 e
81 3355 270 3442 efferatas,
287 3371 327 3426 ut
344 3349 438 3451 apud
456 3376 514 3426 ens
539 3349 633 3427 nullu
648 3349 811 3452 suspicio'

56 3480 156 3533 otum
176 3453 232 3529 fit.
286 3449 365 3549 Ipse
384 3471 503 3527 tamen
520 3448 699 3526 Cicutio
722 3470 806 3533 ¹tam

54 3556 259 3633 :omnium
281 3546 451 3628 cordibus
476 3547 617 3629 sensum
640 3547 806 3663 divinite-

53 3796 81 3876 η)
97 3788 178 3863 Η.
204 3775 519 3854 deuatnaueorun.
