2302 4184
169 266 225 309 ..Ἦ
264 298 273 313 x

68 574 74 589 .
163 520 243 609 214
303 520 397 591 'un
420 510 821 589 u‘rnontrntm

165 672 348 753 <licaretur
363 671 566 777 intrepide,
603 676 641 754 ἃ
662 698 730 776 per
746 673 876 751 orbem
900 692 977 750 tet·-¹

168 798 222 853 τοι
249 774 463 877 pullulatura
495 772 701 851 foecundius
722 800 806 851 cum
834 796 975 876 marty-

164 892 250 953 rum
270 872 443 997 sanguine
456 875 641 953 sereretur.
694 871 850 953 Potuisse
882 898 977 975 prae·

162 972 414 1053 dominantem
426 976 581 1052 Romam
595 973 786 1075 subjellos,
802 998 978 1073 quospo·

161 1074 274 1175 pulos
293 1075 438 1152 tenebat
454 1074 554 1151 facile
573 1073 640 1151 hac
657 1070 976 1177 persualioneper·

170 1173 349 1264 fundere,
378 1174 422 1252 ad
442 1176 525 1251 alias
545 1156 979 1276 omnes'superliitiunes

168 1294 336 1374 paratos,
360 1272 457 1352 haud
476 1277 610 1350 mirum
631 1300 688 1351 ma
718 1277 747 1351 is
762 1272 839 1365 est,
864 1296 977 1373 quam

166 1371 661 1475 posteaMahumedanismus
686 1298 893 1452 inuentibus
922 1395 979 1450 ar·

168 1475 241 1549 mis
257 1477 295 1553 &
308 1471 477 1551 sensuum
501 1473 684 1550 lenocinio
711 1497 846 1552 tantam
877 1473 980 1550 orbis

165 1594 309 1673 partem
324 1577 541 1676 occupavit,
567 1577 620 1651 uti
638 1576 894 1674 priusetiamp
941 1598 980 1649 a·

167 1670 309 1751 nismus
323 1674 442 1779 longo
484 1672 634 1751 demum
661 1698 844 1751 annorum
862 1595 980 1750 talita

169 1772 366 1853 convaluit.
426 1772 718 1853 Christianismus
748 1797 841 1848 vero
874 1773 980 1849 brevi

168 1876 349 1972 temporis
379 1873 569 1952 intervallo
608 1873 804 1949 hominum
839 1894 983 1949 mentes

170 1970 210 2047 ἃ
228 1971 338 2050 corda
355 1974 475 2075 rapuit
487 1969 897 2071 miserin&0pprobriis
914 1995 982 2046 co·

170 2072 334 2147 miratam
355 2075 584 2189 principibus
612 2094 654 2153 ac
671 2071 835 2171 potentia
860 2067 983 2145 saeculi

172 2166 212 2245 in
228 2173 427 2263 pemictem
458 2176 536 2273 ejus
557 2169 857 2273 conspirantibus.
904 2169 985 2245 Vix

174 2290 197 2341 e
215 2267 409 2369 sepulchro
419 2270 585 2350 Christus
601 2271 765 2372 prodiit,
782 2266 985 2345 duodecim

22 2368 44 2438 ⁴.
171 2362 345 2446 homines
363 2371 545 2448 mundum
569 2375 664 2448 inter
681 2367 716 2445 se
727 2366 921 2458 dividunt,
944 2370 983 2447 &

172 2464 325 2545 Christo
346 2469 532 2548 lucrantur
544 2493 617 2548 tam
641 2466 771 2570 rapido
790 2466 917 2556 cursu,
941 2487 985 2547 ut

175 2566 367 2686 innumera
393 2569 524 2645 saeculo
547 2567 749 2745 apostolico
763 2568 801 2647 ὃ(
825 2590 914 2643 mox
931 2567 985 2642 se·

176 2667 554 2865 titillantia
576 2664 985 2869 nlnuinnt

175 2864 331 2965 quidem
371 2890 504 2944 omnes
525 2890 696 2968 potentes
735 2864 986 2963 sapientesque

177 2964 398 3063 eonjunlios
428 2969 466 3042 in
503 2969 703 3065 perniciem
736 2964 828 3042 illius
850 2960 988 3045 videaur

176 3064 280 3143 Hinc
294 3065 431 3143 clamor
447 3064 900 3168 seditiosuspopulorum,
917 3064 989 3139 illic

177 3162 352 3261 supplicia
368 3163 628 3245 confessorum.
678 3168 721 3241 ln
737 3162 810 3266 ipsa
827 3163 990 3240 ecelesrae

180 3261 318 3340 viscera
337 3263 496 3345 haeretici
511 3263 764 3369 grassabantur,
780 3261 992 3362 idquetune

181 3365 366 3455 maxime,
413 3391 500 3443 cum
535 3392 624 3466 pace
653 3361 991 3467 apersecuturibus

178 3460 338 3551 reddita,
358 3487 436 3545 tran
464 3465 548 3543 uille
561 3466 694 3568 degere
711 3460 907 3541 videretur.
940 3462 993 3540 Et

144 3546 154 3575 *
180 3558 355 3661 hellenus
373 3492 524 3668 quiiem
541 3565 685 3669 semper
708 3565 757 3645 ita
772 3563 909 3650 crevit,
939 3584 991 3643 at·

868 3686 945 3767 que

176 3791 231 3879 (a)
253 3792 320 3865 vin
344 3736 492 3869 linuitr·
513 3794 606 3874 111.
621 3800 716 3867 ῦιό.
