2302 4184
166 480 308 538 varia
330 454 625 548 narratoria
653 488 772 549 emt.
837 488 889 571 ῃ

85 622 220 705 manda
237 629 327 721 erit,
349 630 390 709 ἃ
410 630 449 705 in
460 652 654 733 perpetuas
677 608 900 713 aetemitatea'

85 724 344 829 Pfflduoessdss»
367 752 409 807 ut
425 728 468 805 fit
487 728 598 833 digna
621 730 794 833 supremo
807 732 894 811 Nu,

84 830 186 905 misse
202 876 215 915 a
231 824 379 928 suisque
394 827 678 931 perfectionibus
697 854 793 935 apta.

133 952 223 1041 ΥΠ,
235 950 300 1029 Ne
309 950 667 1033 tameninhacetiam
676 957 749 1035 vita
761 980 891 1045 munes
901 956 1007 1061 'Qu
1069 986 1073 993 ·

83 1052 256 1135 rinostro
271 1048 319 1129 de
331 1049 586 1155 promovenda
603 1054 689 1133 DEI
706 1056 834 1233 §lotia
850 1082 893 1141 ac
1022 1128 1030 1143 .

82 1152 208 1233 nostra
237 1150 286 1235 stc
309 1148 546 1237 consectanda
573 1150 683 1237 salute
735 1154 867 1241 efimua
878 1212 892 1251 ,
906 1127 1075 1283 ‘gg-¹33

82 1254 215 1341 sedulo
224 1250 437 1347 curandum,
454 1252 789 1356 inquirendumque,
809 1262 890 1359 qui.
927 1294 997 1357 m
1017 1292 1053 1359 ἰ,

84 1360 155 1435 bus
180 1352 406 1454 potiffimum
425 1352 556 1433 officiis
580 1354 739 1443 DEUS
776 1384 888 1447 eoo·
905 1312 1031 1441 dreit
1066 1388 1071 1395 ·

84 1458 142 1535 bis
157 1452 331 1531 honorari
356 1456 467 1533 velit:
503 1478 575 1553 qua
587 1457 646 1533 via
664 1480 736 1533 noa
749 1456 796 1535 ad
809 1456 890 1539 feli·
906 1474 1064 1537 trom-
1082 1518 1093 1541 2

83 1560 232 1643 citatem
245 1553 403 1633 nostram
417 1552 616 1654 procedere
627 1555 767 1654 jubeat,
787 1582 838 1635 ne
853 1561 890 1635 in
908 1559 941 1605 ¹⁸
965 1540 1054 1603 ⁶²³³*

81 1658 193 1735 men
205 1656 299 1744 vita,
324 1676 432 1753 atque
447 1654 643 1732 artemitate
659 1658 785 1755 potius
798 1656 893 1737 infe·
909 1623 1075 1777 ‘'Qu“

81 1756 231 1833 licitatis
253 1778 363 1857 poena
384 1779 406 1831 a
431 1754 532 1855 justo
546 1750 670 1833 1).Εο
692 1758 892 1861 irrogetun

82 1852 190 1957 quod
207 1878 304 1931 certe
321 1856 360 1931 in
375 1849 437 1933 ista
453 1851 657 1953 disparitate
670 1880 832 1947 morum,
847 1862 887 1939 &

81 1956 206 2033 cultus
219 1952 397 2057 religiofi‚
439 1976 660 2031 eventumm
675 1958 811 2059 ambigi
827 1984 889 2041 ne-

81 2059 174 2155 quit.
225 2056 351 2154 itaque
365 2054 534 2132 voluntas
553 2052 676 2133 divina
700 2060 739 2132 in
757 2059 823 2136 hac
846 2084 890 2135 ro

82 2154 135 2235 est
152 2152 372 2255 indaganda,
401 2176 512 2253 quam
535 2152 708 2237 facientes.
726 2161 890 2257 premia,

82 2254 341 2335 &felicitatem
363 2256 432 2355 piis
454 2254 491 2328 in
521 2252 627 2330 altera
662 2257 737 2332 vita
753 2256 890 2359 repost·

81 2376 161 2433 tam
177 2351 430 2454 adipiscamur,
460 2377 587 2451 poenas
607 2376 755 2429 econtra
780 2359 890 2435 evite-

81 2480 179 2532 mus.
227 2452 337 2531 Unde
349 2478 440 2539 vero
463 2453 592 2537 meiius
605 2450 684 2529 haec
699 2456 822 2530 omnia
835 2453 891 2532 di·

82 2554 246 2643 scamus,
270 2576 380 2650 quam
398 2552 552 2627 docente
566 2550 647 2651 ipso
667 2548 794 2637 divino
809 2552 890 2628 Nu·

82 2654 207 2741 mine,
221 2676 306 2729 cum
319 2653 429 2751 longe
441 2653 660 2752 experientia
677 2653 890 2728 noverimus

83 2754 245 2832 humana
266 2754 391 2831 omnia
405 2749 517 2836 studia
542 2749 602 2827 hic
621 2749 715 2827 nihii
735 2748 892 2851 dignum

85 2852 274 2956 proferte,
292 2877 411 2950 neque
426 2876 494 2927 nos
516 2851 669 2931 edocere
683 2850 728 2935 dc
746 2875 890 2953 veroa.

85 2957 200 3031 nimae
225 2949 411 3055 posthanc
428 2954 544 3037 vitam,
560 2949 651 3031 statu
674 2950 786 3041 felici,
829 2970 891 3035 aut

85 3051 249 3130 infelicia
289 3053 368 3127 imo
386 3051 615 3152 depravatam
639 3050 801 3127 indolem
828 3073 895 3124 no-¹

84 3150 195 3233 stram
218 3150 258 3229 vi
281 3154 383 3231 omni
413 3152 540 3226 conari
568 3151 826 3249 cogitationem
855 3151 894 3229 δι

82 3276 212 3337 curam
229 3250 273 3327 ab
291 3250 349 3333 iila
367 3250 543 3333 abducere
566 3249 601 3324 in
612 3249 787 3325 contraria
796 3272 896 3346 quae-

81 3375 170 3449 que.
221 3352 315 3451 Quo
338 3352 449 3451 igitur
470 3374 539 3429 nos
559 3368 814 3434 convertamus
830 3343 896 3425 nist

82 3444 265 3553 adipsum
277 3447 570 3549 benigniffimum
580 3447 754 3537 Numen,
775 3467 816 3522 ut
824 3469 897 3522 noa

82 3548 216 3633 doceat
245 3547 367 3628 facere
389 3550 594 3629 voluntates
618 3544 721 3634 suaa,
749 3567 896 3621 verum

81 3652 211 3753 que&
230 3646 300 3741 fibi
322 3648 496 3759 placitum
515 3642 728 3831 imssendere
744 3642 898 3735 culum»
