2302 4184
206 486 341 545 vm
366 486 677 553 nummus.
698 487 827 549 &visi
857 486 905 567 7!

101 650 220 735 quere
226 633 264 709 in
278 630 369 711 statu
381 632 698 711 maliacumulato?
713 632 824 712 Certe
833 632 914 737 spe·

101 734 262 813 randum
279 730 326 811 de
350 732 524 810 immensa
549 734 627 834 ejus
651 734 828 823 bonitate,
855 732 911 811 su-

101 830 242 935 peresse
258 832 404 911 alteram
420 834 553 924 vitam,
572 858 644 1009 aua
666 832 775 911 fimus
793 834 910 913 futuri

101 956 192 1009 vere
206 932 319 1009 beati:
348 931 413 1009 nist
430 932 503 1033 jam
523 958 573 1010 no
605 958 680 1011 ram
707 932 914 1011 felicitatem

98 1034 139 1111 in
166 1030 400 1133 praesentium
421 1030 608 1109 bonorum
629 1032 736 1111 usura
754 1034 911 1113 colloca-

99 1135 267 1211 verimus
290 1134 403 1210 vitam
421 1132 631 1224 animalem,
659 1131 912 1229 &sceleribus

98 1234 383 1310 contaminatam
397 1228 580 1312 ducentes.
674 1258 809 1311 uorum
829 1231 909 1313 sota
1033 1252 1036 1257 '

99 1328 185 1411 sane
200 1332 340 1409 beatior
368 1330 485 1420 foret,
527 1329 553 1407 fi
575 1329 658 1429 post
705 1358 772 1411 ane
792 1334 909 1413 vitam

96 1430 198 1509 nulla
214 1431 321 1509 aiteta
335 1426 527 1531 superesset
543 1484 556 1519 ,
577 1430 680 1530 quod
695 1434 823 1533 utique
837 1432 908 1511 fet·

98 1528 285 1609 redivina
305 1530 436 1629 justitia
463 1556 541 1607 non
568 1530 716 1629 potest,
750 1555 792 1609 ut
821 1534 906 1611 mali

97 1626 172 1708 sint
192 1628 330 1721 felices,
354 1631 443 1709 boni
460 1655 525 1705 nec
550 1628 609 1707 hic
632 1658 698 1711 nec
716 1630 796 1710 alibi
816 1633 909 1711 boni

99 1728 239 1905 diffiuid
258 1730 476 1829 sperandum
491 1728 655 1812 habeant.
679 1730 792 1831 Certe
805 1728 910 1831 q'uod

97 1830 140 1907 in
184 1854 226 1908 ac
243 1832 317 1907 vita
337 1829 554 1933 pierumque
572 1831 672 1909 malis
687 1833 780 1909 bene
797 1830 851 1921 fit,
868 1835 908 1913 ἃ

98 1928 212 2006 bonis
228 1929 338 2021 male,
371 1930 547 2028 sapientes
567 1932 704 2029 quique
727 1929 773 2010 ad
794 1956 912 2035 agno·

97 2024 272 2107 scendum
285 2029 607 2120 immortalitatem,
635 2036 673 2111 ἃ
687 2032 833 2111 aiteram
850 2032 908 2109 vi-

98 2146 176 2207 tam
194 2124 277 2207 sunt
293 2128 454 2207 addusii:
493 2157 560 2207 nec
583 2130 683 2209 aliter
707 2130 926 2234 prudenter·

97 2226 251 2329 judicari
265 2230 384 2333 potest
397 2228 444 2308 de
466 2230 568 2307 DEI
585 2234 779 2329 aequitate,
820 2256 907 2309 cum

95 2332 385 2430 comperiamus,
407 2332 446 2409 dt
470 2327 635 2428 quotidie
656 2332 769 2407 oeulis
789 2356 910 2409 cerna-

97 2452 211 2518 mus,
234 2431 297 2527 qui
318 2453 410 2531 pute
429 2432 468 2509 ἃ
492 2426 610 2505 sansie
628 2430 909 2537 vivunt,·hone·

97 2526 226 2605 statem
242 2524 380 2619 colant,
397 2528 581 2627 DEOque
597 2523 813 2605 serviuntex
825 2550 908 2606 toto

98 2624 232 2725 corde,
258 2650 378 2706 tamen
394 2630 567 2705 aerumnis
582 2625 726 2719 confici,
749 2649 810 2704 aut
824 2650 910 2726 ege-

98 2722 206 2811 state,
223 2728 280 2817 vi,
299 2726 508 2829 tyrannide,
534 2730 572 2807 dt
586 2725 759 2803 servitute
779 2726 910 2827 premi,

99 2830 228 2904 omnia
250 2824 407 2926 denique
432 2825 582 2903 sufferte
603 2824 774 2903 adversa:
824 2849 910 2900 cum

100 2926 229 3024 impii,
249 2951 290 3003 ac
298 2926 484 3030 irreligiost
494 2924 682 3015 homines,
699 2953 765 3003 nee
782 2924 909 3003 DEO

101 3050 172 3101 nec
186 3024 397 3106 hominibus
415 3026 583 3125 justitiam
598 3024 823 3127 praestantes,
842 3025 913 3101 bo·

99 3127 159 3202 nis
175 3123 342 3219 affluant,
359 3128 452 3203 acin
471 3124 599 3203 delitiis
614 3130 726 3216 vitam
744 3120 914 3221 tranquil-

96 3222 173 3308 lam
188 3250 230 3303 ac
245 3225 457 3325 prosperam
476 3247 592 3329 agant.
652 3222 737 3301 Vidi
758 3224 914 3317 inarimos

98 3328 362 3421 irrnocantium,
397 3330 440 3414 aa
472 3328 633 3402 neruinon
661 3322 912 3424 consolatorem,

96 3430 154 3517 (a)
172 3428 211 3503 in
224 3424 291 3503 hac
304 3425 478 3501 nimirum
496 3427 590 3503 vita:
615 3448 711 3524 opus
726 3421 778 3500 est
792 3426 914 3599 ifittur,

98 3524 405 3619 utiuoliauitaa
422 3524 548 3707 ΝΞΟ
575 3522 782 3627 exspertem
828 3543 914 3634 ona,

534 3648 562 3723 4
804 3641 868 3701 cut
954 3642 972 3679 r

227 3794 283 3879 (a)
305 3788 416 3860 uertet.
428 3788 482 3858 lv.
