2302 4184
152 576 154 580 .
260 492 345 609 aas
410 532 478 592 uu
499 526 894 589 nruousrntrro

263 680 437 785 piantur,
462 672 525 776 spe
545 673 721 752 felicitatis
741 698 930 773 nunquam
950 670 1080 759 finitus

264 802 338 866 nte,
386 798 445 853 ute
457 774 640 852 rationalis
663 776 794 852 animae
810 772 988 852 desiderio
1018 803 1077 856 re-

135 908 144 933 ι
263 802 442 980 seronior,
457 898 565 974 atque
577 877 656 975 ejus
669 876 803 951 intuitu
820 877 977 963 virtutis,
986 902 1077 977 pro·

264 976 384 1056 birotis
405 973 582 1064 studium,
619 975 904 1073 exercitiumque
932 977 1077 1074 pietatis

196 1170 199 1175 ,
262 1080 302 1157 ἃ
318 1075 504 1176 religionis
523 1072 736 1173 suscipitur,
767 1098 970 1172 omneque·
985 1075 1076 1156 illud

261 1173 390 1255 sedulo
409 1196 575 1261 cavetur,
600 1198 677 1271 quo
692 1173 770 1271 ejus
786 1172 993 1251 amittendae
1007 1194 1078 1277 pe„

260 1273 417 1354 ticulum
432 1275 648 1349 incurritur:
673 1297 713 1348 ac
729 1274 879 1349 minime
899 1280 1074 1354 commit·

259 1371 415 1455 tendum
437 1371 601 1460 ducitur,
638 1394 679 1467 ut
709 1369 901 1471 dispendio
926 1398 1073 1453 aeternae

260 1470 384 1553 sontis
400 1470 587 1572 praesentis
604 1471 690 1545 viter
707 1470 838 1560 bonis,
871 1499 913 1550 ac
937 1501 1072 1575 corpo-

260 1576 313 1653 ris
330 1572 579 1674 voluptatibus
595 1568 784 1650 inhiemus.
821 1574 915 1673 Quo
936 1575 1073 1652 induci·
1093 1630 1096 1635 ·

263 1696 371 1763 mur,
395 1668 620 1749 sinobiscum
639 1690 849 1769 reputemus
866 1673 1072 1754 nihilcndu·

263 1798 305 1852 ca
319 1769 428 1870 hujus
442 1772 529 1847 vitae
552 1769 649 1847 bona
665 1767 736 1845 elle
764 1770 800 1844 in
826 1779 1073 1872 comparatio-

262 1898 310 1949 ne
342 1870 517 1947 felicitatis
544 1892 690 1945 aeternac
729 1892 770 1945 ac
802 1871 892 1945 boni
923 1869 1069 1966 summi,

260 1969 364 2077 quod
400 1969 527 2070 religio
561 1966 745 2046 christiana
777 1971 957 2069 promittit
984 1976 1069 2072 post

259 2067 763 2167 hancvitam,quandoetiam
772 2068 1069 2158 illinrenuntian.

259 2170 313 2248 do
326 2168 506 2270 religioni,
515 2169 636 2267 quiete
652 2166 725 2245 frui
742 2169 872 2247 liceret.
902 2170 1019 2248 Nullo
1027 2199 1069 2248 e.

257 2272 346 2349 tiam
372 2267 491 2350 modo
523 2268 726 2370 periculum
761 2268 1069 2349 commoditatum

256 2369 368 2468 hujus
380 2366 632 2470 vitaeexplosa
647 2368 822 2469 religione
840 2394 879 2445 ac
896 2370 988 2448 illius
1010 2371 1068 2448 of-

257 2469 366 2558 ficiis,
393 2494 478 2544 cum
497 2467 640 2546 summo
660 2468 821 2569 periculo
841 2492 987 2547 aeteroae
1003 2469 1067 2550 da·

259 2570 456 2647 montionis
480 2572 689 2670 comparari.
705 2568 835 2670 polle,
878 2567 906 2649 fi
935 2571 1065 2675 religio

259 2671 476 2772 negligatur.

78 2832 142 2900 111ss
161 2856 243 2912 vero,
308 2809 350 2884 X.
377 2808 436 2882 Sic
452 2806 574 2883 nullibi
590 2807 798 2898 elabuntur,
823 2810 985 2886 exomni
999 2829 1066 2887 au·

79 2922 129 2997 qui
157 2920 244 2984 nullis
259 2928 331 2983 tem
372 2927 461 2992 arte,
497 2931 537 2983 ac
561 2911 719 3008 propriis
744 2911 851 2985 etiam
875 2911 1063 3011 principiis

78 3002 185 3100 volunt
258 3032 328 3084 con
361 3007 554 3106 tinguntur
571 3006 701 3084 scelesti
712 3008 885 3085 Libertini
904 3010 1065 3111 achtr·

78 3102 243 3230 Ἥὲῃῑὲῐ·
258 3105 400 3194 bonici,
427 3104 619 3194 Atheistae,
646 3106 786 3186 Deistae.
838 3106 928 3184 Inde
959 3134 1064 3211 aper-

76 3185 242 3315 tgalutarisls’
259 3205 395 3282 tiffimis
409 3207 633 3296 rationibus,
666 3207 750 3284 hinc
778 3207 975 3286 manifestis
1002 3212 1065 3287 ab·

76 3335 165 3394 timor
199 3337 236 3397 in.
258 3304 495 3383 surditatibus.
521 3306 581 3382 Ad
592 3333 675 3405 quae
688 3307 987 3395 omniastadhuc
997 3311 1064 3387 ob·

76 3420 194 3484 entitur.
258 3404 474 3492 surdescant,
493 3406 563 3501 jam
583 3432 658 3482 non
670 3409 867 3484 rationibus
881 3406 1064 3485 suntcon·

253 3505 445 3599 vincendi3
467 3504 597 3582 DEUS
611 3509 660 3586 T.
681 3508 731 3585 Ο.
751 3510 803 3584 M.
822 3504 873 3584 est
888 3509 1063 3600 orandus,

191 3656 203 3671 -
252 3627 294 3682 ut
311 3608 505 3681 caecitatem
525 3610 654 3684 mentis
664 3606 811 3692 auferat,
831 3633 875 3684 ne
890 3609 940 3685 ob
961 3607 1062 3686 suam

250 3706 508 3807 pervicaciam,
527 3708 565 3786 &
592 3728 721 3788 contra
739 3731 921 3809 apertam,
959 3713 1062 3811 agni·
1085 3770 1089 3779 l

921 3830 1013 3887 tam·
