2302 4184
375 450 741 525 causatio,

116 600 260 715 ltaque
281 598 387 687 sacra
411 603 466 687 est
482 630 629 690 ancora
643 603 825 706 ecclefia‚
847 612 899 699 ad
915 643 1065 732 quam,

65 720 134 913 ζῆ
160 716 201 801 liz
230 737 395 810 tenent,
421 713 581 801 licuros
604 719 644 805 se
674 747 696 805 a
718 718 930 838 naufragio
952 760 1063 843 prae.

117 852 191 915 ut:
229 850 342 911 tutus
369 827 425 911 est
448 854 588 914 contra
610 859 753 917 omnes
775 832 1061 933 fluctuationes

117 966 222 1026 rtus.
282 940 447 1045 Quotus
457 945 632 1055 quisque
647 971 697 1029 ex
707 944 942 1034 rudioribus
956 953 1059 1040 fide-

79 1053 169 1137 ibus
184 1053 340 1145 existit,
368 1053 440 1163 qui
458 1054 528 1138 vix
543 1051 648 1141 ultra
662 1082 729 1151 ea,
751 1084 843 1171 quae
862 1062 952 1146 sunt
968 1093 1058 1152 cre·
1128 1080 1134 1093 ‘

64 1164 195 1250 denda
215 1163 438 1251 neceffitate
454 1222 468 1260 ‚
487 1192 613 1279 quam
635 1194 782 1253 vocant
798 1169 943 1269 medii,
991 1204 1059 1262 er.

64 1276 86 1363 s
106 1276 198 1364 ecia
221 1274 355 1361 habet.
414 1274 493 1360 Sed
521 1278 687 1390 quando
711 1277 763 1363 de
784 1280 870 1367 aliis
884 1204 1058 1375 eccltlllae

66 1305 257 1477 laetere
274 1388 396 1473 fidem
411 1387 646 1500 profitetur,
666 1394 708 1474 in
724 1388 831 1477 salvo
845 1396 1058 1488 remsuam

10 1516 12 1529 '
66 1504 204 1616 ponit,
232 1501 302 1585 etii
330 1494 437 1585 forte
462 1504 647 1599 eveniat,
668 1526 716 1586 ut
731 1502 847 1591 stulta
864 1532 1058 1597 nonnun-

66 1642 186 1745 quam
198 1614 447 1725 cogitatione
461 1612 590 1698 verset
603 1613 724 1703 recia
734 1613 827 1701 fidei
845 1614 1058 1705 adversan-

69 1754 120 1813 ua
132 1728 295 1812 canoni.
350 1723 501 1823 Siccat,
518 1750 565 1811 ut
580 1727 939 1817 S.H1uR0uYM1
955 1756 1057 1817 cou-

10 1896 12 1903 -
67 1832 325 1925 traLucifer.
351 1836 484 1949 phrasi
500 1865 611 1935 utar,
655 1843 1057 1954 omuespropofitio-

10 1966 13 2057 j
68 1978 167 2035 num
184 1947 345 2036 rivulos
363 1974 451 2035 uno
463 1947 634 2037 ecclefiae
649 1950 749 2040 sole:
767 1977 806 2037 at
835 1979 889 2037 ue
908 1955 950 2038 in
969 1954 1056 2043 finu

10 2092 13 2165 t
70 2062 171 2148 illius
193 2060 353 2176 placide
375 2064 648 2177 conquiescit,
665 2060 765 2148 nihil
795 2066 822 2149 fi
852 2068 864 2148 i
888 2064 939 2151 ab
962 2066 1056 2151 iufi-

10 2206 13 2271 t
71 2177 217 2288 pientia
242 2171 312 2260 sua
338 2200 524 2261 metuens
552 2182 597 2271 &
629 2174 906 2289 simplicitate,
928 2202 1056 2293 quam

73 2288 331 2376 ecclesiastica
346 2284 438 2374 fidei
455 2290 554 2401 tegit
571 2285 781 2375 velamine.

122 2512 268 2601 Doclis
287 2513 414 2624 igitur
430 2520 475 2607 δι
489 2509 677 2608 indoctis,
690 2508 1059 2622 sapientibus&in.

77 2622 307 2739 fipientibus
317 2651 536 2709 commune
550 2626 606 2709 est
621 2618 792 2709 ecclefiae
802 2622 1056 2737 perfugium,

77 2741 302 2825 communis
326 2734 420 2835 lux,
443 2766 536 2853 quae
551 2736 675 2821 latere
697 2736 902 2821 nemiuem
926 2738 1059 2849 poliat,

20 2862 32 2901 ·'
79 2876 164 2936 cum
180 2847 452 2964 amplitudine
474 2846 541 2935 sua
567 2848 604 2933 lc
632 2844 834 2934 diffundat
860 2876 936 2963 per
964 2852 1060 2934 uni-

79 2965 236 3049 versum
251 2962 421 3058 orbem,
437 2987 483 3047 ut
499 2963 704 3046 neminem
728 2959 834 3045 illius
849 2982 1062 3074 pratereat

80 3073 251 3172 claritas,
281 3074 353 3159 nifi
380 3074 462 3187 ipse
490 3074 634 3160 oculos
663 3071 833 3157 claudat.
906 3075 1062 3159 Veritas

78 3186 1063 3303 enim,loquiturOaioauusinMas‘ruuuM

81 3300 182 3390 T.ll.
200 3299 459 3387 ed.Geuebr.
468 3326 509 3412 p.
520 3332 586 3403 92.
596 3294 730 3405 fimilis
738 3292 940 3407 estfulguri
955 3318 1065 3401 egre-

24 3488 27 3501 .
80 3412 191 3500 dictati
217 3412 269 3498 ab
284 3412 447 3509 oriente,
471 3415 523 3511 ὸν
536 3409 733 3524 apparenti
756 3404 870 3519 usque
894 3404 948 3490 ad
967 3404 1067 3489 occi-

80 3525 232 3614 dentem.
293 3526 436 3636 Qalis
451 3520 501 3630 esl
514 3526 663 3608 veritas
677 3516 881 3607 eccleaaeu
894 3517 979 3609 El:
1016 3510 1066 3599 ab

81 3668 117 3726 ta
129 3644 229 3729 enim
236 3636 327 3753 stila
334 3634 456 3748 fimus
473 3638 516 3723 in
532 3662 675 3722 omnem
696 3629 819 3718 orbem
840 3631 987 3752 exivit,
1015 3627 1068 3726 (γ’

28 3760 34 3792 t
972 3763 1011 3792 ,a
