<?xml version="1.0" encoding="UTF-8"?>
<!DOCTYPE html PUBLIC "-//W3C//DTD XHTML 1.0 Transitional//EN"
    "http://www.w3.org/TR/xhtml1/DTD/xhtml1-transitional.dtd">
<html xmlns="http://www.w3.org/1999/xhtml" xml:lang="en" lang="en">
 <head>
  <title>
</title>
<meta http-equiv="Content-Type" content="text/html;charset=utf-8" />
  <meta name='ocr-system' content='tesseract 3.04.00' />
  <meta name='ocr-capabilities' content='ocr_page ocr_carea ocr_par ocr_line ocrx_word'/>
</head>
<body>
  <div class='ocr_page' id='page_1' title='image "./demonstratiover00gerbgoog_0259.png"; bbox 0 0 2302 4184; ppageno 0'>
   <div class='ocr_carea' id='block_1_1' title="bbox 253 424 917 579">
    <p class='ocr_par' dir='ltr' id='par_1_1' title="bbox 253 424 917 579">
     <span class='ocr_line' id='line_1_1' title="bbox 253 424 917 579; baseline -0.008 -13"><span class='ocrx_word' id='word_1_1' title='bbox 253 494 344 579; x_wconf 71' lang='lat' dir='ltr'>m</span> <span class='ocrx_word' id='word_1_2' title='bbox 360 424 492 563; x_wconf 43' lang='lat' dir='ltr'>&#39;Utar</span> <span class='ocrx_word' id='word_1_3' title='bbox 514 502 917 564; x_wconf 76' lang='lat' dir='ltr'>nrrrortsrnanto</span> 
     </span>
    </p>
   </div>
   <div class='ocr_carea' id='block_1_2' title="bbox 210 638 1109 1535">
    <p class='ocr_par' dir='ltr' id='par_1_2' title="bbox 265 638 1074 762">
     <span class='ocr_line' id='line_1_2' title="bbox 265 638 1074 762; baseline 0.011 -41"><span class='ocrx_word' id='word_1_4' title='bbox 265 641 436 762; x_wconf 80' lang='lat' dir='ltr'>cupiscnt.</span> <span class='ocrx_word' id='word_1_5' title='bbox 493 646 576 726; x_wconf 91' lang='lat' dir='ltr'>Cor</span> <span class='ocrx_word' id='word_1_6' title='bbox 603 638 708 728; x_wconf 89' lang='lat' dir='ltr'>snum</span> <span class='ocrx_word' id='word_1_7' title='bbox 731 653 890 729; x_wconf 87' lang='lat' dir='ltr'>renitens</span> <span class='ocrx_word' id='word_1_8' title='bbox 912 650 1074 730; x_wconf 77' lang='lat' dir='ltr'>maxime</span> 
     </span>
    </p>

    <p class='ocr_par' dir='ltr' id='par_1_3' title="bbox 241 742 1073 951">
     <span class='ocr_line' id='line_1_3' title="bbox 241 742 1073 846; baseline 0.006 -23"><span class='ocrx_word' id='word_1_9' title='bbox 241 784 245 797; x_wconf 92' lang='lat'><strong>·</strong></span> <span class='ocrx_word' id='word_1_10' title='bbox 265 742 539 846; x_wconf 77' lang='lat' dir='ltr'>adigetedebet,</span> <span class='ocrx_word' id='word_1_11' title='bbox 557 771 600 825; x_wconf 91' lang='lat' dir='ltr'>ut</span> <span class='ocrx_word' id='word_1_12' title='bbox 614 750 649 827; x_wconf 90' lang='lat' dir='ltr'>se</span> <span class='ocrx_word' id='word_1_13' title='bbox 664 751 765 841; x_wconf 92' lang='lat' dir='ltr'>odio,</span> <span class='ocrx_word' id='word_1_14' title='bbox 773 753 960 828; x_wconf 91' lang='lat' dir='ltr'>inimicum</span> <span class='ocrx_word' id='word_1_15' title='bbox 968 776 1073 828; x_wconf 86' lang='lat' dir='ltr'>nmo-</span> 
     </span>
     <span class='ocr_line' id='line_1_4' title="bbox 262 843 1070 951; baseline 0.007 -29"><span class='ocrx_word' id='word_1_16' title='bbox 262 868 304 922; x_wconf 86' lang='lat' dir='ltr'>re</span> <span class='ocrx_word' id='word_1_17' title='bbox 349 843 585 945; x_wconf 86' lang='lat' dir='ltr'>rosequatur:</span> <span class='ocrx_word' id='word_1_18' title='bbox 609 873 738 928; x_wconf 92' lang='lat' dir='ltr'>omnes</span> <span class='ocrx_word' id='word_1_19' title='bbox 754 852 833 929; x_wconf 86' lang='lat' dir='ltr'>suas</span> <span class='ocrx_word' id='word_1_20' title='bbox 854 849 1070 951; x_wconf 87' lang='lat' dir='ltr'>cupiditates</span> 
     </span>
    </p>

    <p class='ocr_par' dir='ltr' id='par_1_4' title="bbox 210 943 1067 1052">
     <span class='ocr_line' id='line_1_5' title="bbox 210 943 1067 1052; baseline 0.005 -27"><span class='ocrx_word' id='word_1_21' title='bbox 210 1020 214 1025; x_wconf 91' lang='lat'>.</span> <span class='ocrx_word' id='word_1_22' title='bbox 259 970 301 1023; x_wconf 85' lang='lat' dir='ltr'>nr</span> <span class='ocrx_word' id='word_1_23' title='bbox 335 943 448 1021; x_wconf 84' lang='lat' dir='ltr'>iffime</span> <span class='ocrx_word' id='word_1_24' title='bbox 472 947 669 1052; x_wconf 84' lang='lat' dir='ltr'>restringat.</span> <span class='ocrx_word' id='word_1_25' title='bbox 720 950 847 1028; x_wconf 88' lang='lat' dir='ltr'>Verbo</span> <span class='ocrx_word' id='word_1_26' title='bbox 862 949 1067 1040; x_wconf 85' lang='lat' dir='ltr'>dicam,se</span> 
     </span>
    </p>

    <p class='ocr_par' dir='ltr' id='par_1_5' title="bbox 257 976 1072 1154">
     <span class='ocr_line' id='line_1_6' title="bbox 257 976 1072 1154; baseline 0 -30"><span class='ocrx_word' id='word_1_27' title='bbox 257 1042 472 1151; x_wconf 82' lang='lat' dir='ltr'>futurorum</span> <span class='ocrx_word' id='word_1_28' title='bbox 487 1048 719 1148; x_wconf 82' lang='lat' dir='ltr'>praesentium</span> <span class='ocrx_word' id='word_1_29' title='bbox 739 1050 970 1154; x_wconf 88' lang='lat' dir='ltr'>voluptatum</span> <span class='ocrx_word' id='word_1_30' title='bbox 984 976 1072 1126; x_wconf 66' lang='lat' dir='ltr'>us·</span> 
     </span>
    </p>

    <p class='ocr_par' dir='ltr' id='par_1_6' title="bbox 258 1140 1109 1349">
     <span class='ocr_line' id='line_1_7' title="bbox 258 1140 1109 1248; baseline 0.006 -26"><span class='ocrx_word' id='word_1_31' title='bbox 258 1140 611 1244; x_wconf 82' lang='lat' dir='ltr'>rnfibiinterdicat3</span> <span class='ocrx_word' id='word_1_32' title='bbox 642 1175 726 1248; x_wconf 83' lang='lat' dir='ltr'>qnae</span> <span class='ocrx_word' id='word_1_33' title='bbox 742 1151 809 1228; x_wconf 79' lang='lat' dir='ltr'>sint</span> <span class='ocrx_word' id='word_1_34' title='bbox 825 1174 952 1239; x_wconf 68' lang='lat' dir='ltr'>certor,</span> <span class='ocrx_word' id='word_1_35' title='bbox 981 1174 1069 1227; x_wconf 86' lang='lat' dir='ltr'>cum</span> <span class='ocrx_word' id='word_1_36' title='bbox 1104 1159 1109 1170; x_wconf 95' lang='grc'><strong><em>’</em></strong></span> 
     </span>
     <span class='ocr_line' id='line_1_8' title="bbox 259 1240 1074 1349; baseline 0.001 -26"><span class='ocrx_word' id='word_1_37' title='bbox 259 1240 426 1345; x_wconf 86' lang='lat' dir='ltr'>ipsorum</span> <span class='ocrx_word' id='word_1_38' title='bbox 454 1250 632 1349; x_wconf 89' lang='lat' dir='ltr'>opinione</span> <span class='ocrx_word' id='word_1_39' title='bbox 661 1249 781 1328; x_wconf 90' lang='lat' dir='ltr'>futura</span> <span class='ocrx_word' id='word_1_40' title='bbox 814 1254 948 1343; x_wconf 75' lang='lat' dir='ltr'>incerta</span> <span class='ocrx_word' id='word_1_41' title='bbox 978 1249 1074 1325; x_wconf 80' lang='lat' dir='ltr'>stnta</span> 
     </span>
    </p>

    <p class='ocr_par' dir='ltr' id='par_1_7' title="bbox 260 1331 1071 1443">
     <span class='ocr_line' id='line_1_9' title="bbox 260 1331 1071 1443; baseline 0.002 -20"><span class='ocrx_word' id='word_1_42' title='bbox 260 1342 428 1443; x_wconf 78' lang='lat' dir='ltr'><strong>adeoque</strong></span> <span class='ocrx_word' id='word_1_43' title='bbox 448 1369 589 1427; x_wconf 87' lang='lat' dir='ltr'>certum</span> <span class='ocrx_word' id='word_1_44' title='bbox 608 1331 807 1429; x_wconf 73' lang='lat' dir='ltr'>tenendnstt</span> <span class='ocrx_word' id='word_1_45' title='bbox 838 1350 881 1430; x_wconf 88' lang='lat' dir='ltr'>fit</span> <span class='ocrx_word' id='word_1_46' title='bbox 900 1401 911 1443; x_wconf 82' lang='lat'>‚</span> <span class='ocrx_word' id='word_1_47' title='bbox 945 1348 1071 1426; x_wconf 89' lang='lat' dir='ltr'>dimit·</span> 
     </span>
    </p>

    <p class='ocr_par' dir='ltr' id='par_1_8' title="bbox 258 1440 621 1535">
     <span class='ocr_line' id='line_1_10' title="bbox 258 1440 621 1535; baseline 0.022 -14"><span class='ocrx_word' id='word_1_48' title='bbox 258 1440 415 1531; x_wconf 88' lang='lat' dir='ltr'>tendum</span> <span class='ocrx_word' id='word_1_49' title='bbox 430 1446 621 1535; x_wconf 89' lang='lat' dir='ltr'>incertum.</span> 
     </span>
    </p>
   </div>
   <div class='ocr_carea' id='block_1_3' title="bbox 76 1586 1074 3569">
    <p class='ocr_par' dir='ltr' id='par_1_9' title="bbox 76 1586 1074 3569">
     <span class='ocr_line' id='line_1_11' title="bbox 77 1586 1073 1693; baseline 0.004 -31"><span class='ocrx_word' id='word_1_50' title='bbox 77 1618 212 1693; x_wconf 52' lang='lat' dir='ltr'>Solvit„</span> <span class='ocrx_word' id='word_1_51' title='bbox 307 1589 356 1667; x_wconf 89' lang='lat' dir='ltr'>V.</span> <span class='ocrx_word' id='word_1_52' title='bbox 381 1588 436 1665; x_wconf 82' lang='lat' dir='ltr'>At</span> <span class='ocrx_word' id='word_1_53' title='bbox 460 1587 605 1692; x_wconf 87' lang='lat' dir='ltr'>oppido</span> <span class='ocrx_word' id='word_1_54' title='bbox 627 1588 820 1679; x_wconf 86' lang='lat' dir='ltr'>falluntur,</span> <span class='ocrx_word' id='word_1_55' title='bbox 839 1591 916 1666; x_wconf 87' lang='lat' dir='ltr'>imo</span> <span class='ocrx_word' id='word_1_56' title='bbox 933 1586 1073 1691; x_wconf 80' lang='lat' dir='ltr'>seipsos</span> 
     </span>
     <span class='ocr_line' id='line_1_12' title="bbox 77 1684 1071 1791; baseline -0.006 -21"><span class='ocrx_word' id='word_1_57' title='bbox 77 1706 131 1770; x_wconf 79' lang='lat' dir='ltr'>ista</span> <span class='ocrx_word' id='word_1_58' title='bbox 164 1684 411 1783; x_wconf 67' lang='lat' dir='ltr'>ehje-fallunt,</span> <span class='ocrx_word' id='word_1_59' title='bbox 437 1712 544 1787; x_wconf 88' lang='lat' dir='ltr'>atque</span> <span class='ocrx_word' id='word_1_60' title='bbox 565 1688 624 1765; x_wconf 89' lang='lat' dir='ltr'>hic</span> <span class='ocrx_word' id='word_1_61' title='bbox 661 1693 697 1766; x_wconf 90' lang='lat' dir='ltr'>in</span> <span class='ocrx_word' id='word_1_62' title='bbox 725 1693 877 1791; x_wconf 86' lang='lat' dir='ltr'>negotio</span> <span class='ocrx_word' id='word_1_63' title='bbox 899 1693 1071 1764; x_wconf 91' lang='lat' dir='ltr'>omnium</span> 
     </span>
     <span class='ocr_line' id='line_1_13' title="bbox 77 1785 1074 1888; baseline -0.002 -22"><span class='ocrx_word' id='word_1_64' title='bbox 77 1792 138 1854; x_wconf 75' lang='lat' dir='ltr'>nio</span> <span class='ocrx_word' id='word_1_65' title='bbox 162 1807 210 1886; x_wconf 52' lang='grc' dir='ltr'>εἰ,</span> <span class='ocrx_word' id='word_1_66' title='bbox 257 1789 414 1869; x_wconf 78' lang='lat' dir='ltr'>maxime</span> <span class='ocrx_word' id='word_1_67' title='bbox 430 1785 550 1877; x_wconf 87' lang='lat' dir='ltr'>serio,</span> <span class='ocrx_word' id='word_1_68' title='bbox 571 1786 674 1888; x_wconf 91' lang='lat' dir='ltr'>quod</span> <span class='ocrx_word' id='word_1_69' title='bbox 702 1791 740 1863; x_wconf 91' lang='lat' dir='ltr'>in</span> <span class='ocrx_word' id='word_1_70' title='bbox 762 1788 1074 1888; x_wconf 76' lang='lat' dir='ltr'>negotiationibus</span> 
     </span>
     <span class='ocr_line' id='line_1_14' title="bbox 76 1870 1072 1986; baseline -0.009 -16"><span class='ocrx_word' id='word_1_71' title='bbox 76 1870 229 1970; x_wconf 56' lang='lat' dir='ltr'>&#39;‘ss‘m.</span> <span class='ocrx_word' id='word_1_72' title='bbox 286 1885 481 1965; x_wconf 88' lang='lat' dir='ltr'>uotidinnis</span> <span class='ocrx_word' id='word_1_73' title='bbox 501 1911 631 1964; x_wconf 90' lang='lat' dir='ltr'>omnes</span> <span class='ocrx_word' id='word_1_74' title='bbox 651 1887 787 1964; x_wconf 88' lang='lat' dir='ltr'>faciunt</span> <span class='ocrx_word' id='word_1_75' title='bbox 812 1941 822 1976; x_wconf 89' lang='lat'><em>,</em></span> <span class='ocrx_word' id='word_1_76' title='bbox 858 1888 1072 1986; x_wconf 81' lang='lat' dir='ltr'>negligunt,</span> 
     </span>
     <span class='ocr_line' id='line_1_15' title="bbox 76 1912 1072 2101; baseline -0.004 -37"><span class='ocrx_word' id='word_1_77' title='bbox 76 1972 243 2101; x_wconf 55' lang='grc' dir='ltr'>ε’ῗζῃζζ·</span> <span class='ocrx_word' id='word_1_78' title='bbox 259 1912 349 2063; x_wconf 79' lang='lat' dir='ltr'>dum</span> <span class='ocrx_word' id='word_1_79' title='bbox 363 1987 605 2064; x_wconf 88' lang='lat' dir='ltr'>commodum</span> <span class='ocrx_word' id='word_1_80' title='bbox 625 1989 801 2091; x_wconf 86' lang='lat' dir='ltr'>exiguum</span> <span class='ocrx_word' id='word_1_81' title='bbox 817 1987 928 2062; x_wconf 89' lang='lat' dir='ltr'>breve</span> <span class='ocrx_word' id='word_1_82' title='bbox 945 1985 1072 2060; x_wconf 81' lang='lat' dir='ltr'>drmit·</span> 
     </span>
     <span class='ocr_line' id='line_1_16' title="bbox 76 2084 1069 2185; baseline -0.016 -13"><span class='ocrx_word' id='word_1_83' title='bbox 76 2120 165 2185; x_wconf 80' lang='lat' dir='ltr'>fluxis</span> <span class='ocrx_word' id='word_1_84' title='bbox 194 2120 243 2183; x_wconf 83' lang='lat' dir='ltr'>ad.</span> <span class='ocrx_word' id='word_1_85' title='bbox 258 2108 333 2171; x_wconf 87' lang='lat' dir='ltr'>tere</span> <span class='ocrx_word' id='word_1_86' title='bbox 348 2084 573 2178; x_wconf 68' lang='lat' dir='ltr'>dettesiant,</span> <span class='ocrx_word' id='word_1_87' title='bbox 608 2088 661 2164; x_wconf 95' lang='lat' dir='ltr'>ob</span> <span class='ocrx_word' id='word_1_88' title='bbox 696 2085 855 2164; x_wconf 84' lang='lat' dir='ltr'>utilitatis</span> <span class='ocrx_word' id='word_1_89' title='bbox 878 2086 1069 2174; x_wconf 83' lang='lat' dir='ltr'>maximae,</span> 
     </span>
     <span class='ocr_line' id='line_1_17' title="bbox 76 2182 1073 2286; baseline -0.008 -19"><span class='ocrx_word' id='word_1_90' title='bbox 76 2207 157 2267; x_wconf 82' lang='lat' dir='ltr'>eo&amp;</span> <span class='ocrx_word' id='word_1_91' title='bbox 177 2205 222 2269; x_wconf 65' lang='lat' dir='ltr'>in„</span> <span class='ocrx_word' id='word_1_92' title='bbox 258 2185 297 2266; x_wconf 75' lang='lat' dir='ltr'>dt</span> <span class='ocrx_word' id='word_1_93' title='bbox 317 2208 464 2263; x_wconf 82' lang='lat' dir='ltr'>aeternae</span> <span class='ocrx_word' id='word_1_94' title='bbox 484 2185 602 2286; x_wconf 77' lang='lat' dir='ltr'>spem.</span> <span class='ocrx_word' id='word_1_95' title='bbox 648 2186 778 2262; x_wconf 89' lang='lat' dir='ltr'>Brevis</span> <span class='ocrx_word' id='word_1_96' title='bbox 810 2184 860 2262; x_wconf 92' lang='lat' dir='ltr'>est</span> <span class='ocrx_word' id='word_1_97' title='bbox 885 2185 964 2260; x_wconf 85' lang='lat' dir='ltr'>haec</span> <span class='ocrx_word' id='word_1_98' title='bbox 983 2182 1073 2271; x_wconf 80' lang='lat' dir='ltr'>vita.</span> 
     </span>
     <span class='ocr_line' id='line_1_18' title="bbox 76 2283 1073 2385; baseline -0.003 -26"><span class='ocrx_word' id='word_1_99' title='bbox 76 2290 178 2383; x_wconf 62' lang='lat' dir='ltr'>sertis}¹</span> <span class='ocrx_word' id='word_1_100' title='bbox 258 2307 368 2385; x_wconf 89' lang='lat' dir='ltr'>ntque</span> <span class='ocrx_word' id='word_1_101' title='bbox 382 2283 500 2362; x_wconf 85' lang='lat' dir='ltr'>adhue</span> <span class='ocrx_word' id='word_1_102' title='bbox 518 2287 626 2362; x_wconf 87' lang='lat' dir='ltr'>etiam</span> <span class='ocrx_word' id='word_1_103' title='bbox 643 2285 762 2361; x_wconf 85' lang='lat' dir='ltr'>multo</span> <span class='ocrx_word' id='word_1_104' title='bbox 782 2286 932 2361; x_wconf 89' lang='lat' dir='ltr'>brevior</span> <span class='ocrx_word' id='word_1_105' title='bbox 950 2284 1073 2358; x_wconf 89' lang='lat' dir='ltr'>bono·</span> 
     </span>
     <span class='ocr_line' id='line_1_19' title="bbox 255 2382 1071 2484; baseline -0.001 -22"><span class='ocrx_word' id='word_1_106' title='bbox 255 2384 442 2462; x_wconf 85' lang='lat' dir='ltr'>rumillius</span> <span class='ocrx_word' id='word_1_107' title='bbox 458 2384 564 2474; x_wconf 85' lang='lat' dir='ltr'>usus,</span> <span class='ocrx_word' id='word_1_108' title='bbox 589 2382 890 2484; x_wconf 74' lang='lat' dir='ltr'>quorum²sensus</span> <span class='ocrx_word' id='word_1_109' title='bbox 904 2386 1071 2482; x_wconf 73' lang='lat' dir='ltr'>inprime</span> 
     </span>
     <span class='ocr_line' id='line_1_20' title="bbox 256 2481 1072 2586; baseline -0.005 -25"><span class='ocrx_word' id='word_1_110' title='bbox 256 2485 451 2586; x_wconf 86' lang='lat' dir='ltr'>juventute</span> <span class='ocrx_word' id='word_1_111' title='bbox 465 2482 624 2559; x_wconf 85' lang='lat' dir='ltr'>necdum</span> <span class='ocrx_word' id='word_1_112' title='bbox 641 2481 757 2570; x_wconf 89' lang='lat' dir='ltr'>adest,</span> <span class='ocrx_word' id='word_1_113' title='bbox 784 2507 875 2559; x_wconf 84' lang='lat' dir='ltr'>mox</span> <span class='ocrx_word' id='word_1_114' title='bbox 897 2504 1016 2559; x_wconf 91' lang='lat' dir='ltr'>autem</span> <span class='ocrx_word' id='word_1_115' title='bbox 1033 2486 1072 2557; x_wconf 92' lang='lat' dir='ltr'>in</span> 
     </span>
     <span class='ocr_line' id='line_1_21' title="bbox 257 2582 1071 2682; baseline -0.001 -22"><span class='ocrx_word' id='word_1_116' title='bbox 257 2584 443 2661; x_wconf 73' lang='lat' dir='ltr'>senedute</span> <span class='ocrx_word' id='word_1_117' title='bbox 461 2582 607 2660; x_wconf 87' lang='lat' dir='ltr'>deficit:</span> <span class='ocrx_word' id='word_1_118' title='bbox 643 2585 681 2658; x_wconf 90' lang='lat' dir='ltr'>in</span> <span class='ocrx_word' id='word_1_119' title='bbox 696 2584 834 2682; x_wconf 86' lang='lat' dir='ltr'>reliqua</span> <span class='ocrx_word' id='word_1_120' title='bbox 858 2584 967 2661; x_wconf 87' lang='lat' dir='ltr'>etiam</span> <span class='ocrx_word' id='word_1_121' title='bbox 996 2584 1071 2659; x_wconf 87' lang='lat' dir='ltr'>vita</span> 
     </span>
     <span class='ocr_line' id='line_1_22' title="bbox 258 2679 1071 2784; baseline -0.006 -24"><span class='ocrx_word' id='word_1_122' title='bbox 258 2683 385 2760; x_wconf 87' lang='lat' dir='ltr'>cursus</span> <span class='ocrx_word' id='word_1_123' title='bbox 406 2679 689 2784; x_wconf 82' lang='lat' dir='ltr'>prosperitatum</span> <span class='ocrx_word' id='word_1_124' title='bbox 722 2681 910 2784; x_wconf 79' lang='lat' dir='ltr'>saepiisrme</span> <span class='ocrx_word' id='word_1_125' title='bbox 941 2679 1071 2757; x_wconf 80' lang='lat' dir='ltr'>sistitur</span> 
     </span>
     <span class='ocr_line' id='line_1_23' title="bbox 89 2778 1071 2885; baseline -0.007 -23"><span class='ocrx_word' id='word_1_126' title='bbox 89 2800 99 2817; x_wconf 82' lang='lat'><em>⁰</em></span> <span class='ocrx_word' id='word_1_127' title='bbox 197 2878 200 2885; x_wconf 18' lang='lat'><em>7</em></span> <span class='ocrx_word' id='word_1_128' title='bbox 255 2807 299 2861; x_wconf 83' lang='lat' dir='ltr'>ac</span> <span class='ocrx_word' id='word_1_129' title='bbox 311 2780 521 2881; x_wconf 89' lang='lat' dir='ltr'>impeditur.</span> <span class='ocrx_word' id='word_1_130' title='bbox 570 2783 682 2879; x_wconf 91' lang='lat' dir='ltr'>Opus</span> <span class='ocrx_word' id='word_1_131' title='bbox 696 2780 747 2856; x_wconf 90' lang='lat' dir='ltr'>est</span> <span class='ocrx_word' id='word_1_132' title='bbox 772 2778 1071 2860; x_wconf 73' lang='lat' dir='ltr'>sanitateudivi·</span> 
     </span>
     <span class='ocr_line' id='line_1_24' title="bbox 258 2875 1071 2979; baseline -0.007 -18"><span class='ocrx_word' id='word_1_133' title='bbox 258 2884 340 2971; x_wconf 82' lang='lat' dir='ltr'>tiis,</span> <span class='ocrx_word' id='word_1_134' title='bbox 366 2905 450 2979; x_wconf 83' lang='lat' dir='ltr'>quae</span> <span class='ocrx_word' id='word_1_135' title='bbox 466 2904 550 2954; x_wconf 89' lang='lat' dir='ltr'>cum</span> <span class='ocrx_word' id='word_1_136' title='bbox 566 2880 716 2968; x_wconf 88' lang='lat' dir='ltr'>absunt,</span> <span class='ocrx_word' id='word_1_137' title='bbox 749 2879 942 2959; x_wconf 77' lang='lat' dir='ltr'>desiderata</span> <span class='ocrx_word' id='word_1_138' title='bbox 974 2875 1071 2957; x_wconf 90' lang='lat' dir='ltr'>abest</span> 
     </span>
     <span class='ocr_line' id='line_1_25' title="bbox 259 2975 1070 3060; baseline -0.007 0"><span class='ocrx_word' id='word_1_139' title='bbox 259 2981 420 3060; x_wconf 83' lang='lat' dir='ltr'>felicitas,</span> <span class='ocrx_word' id='word_1_140' title='bbox 471 2975 625 3058; x_wconf 84' lang='lat' dir='ltr'>Possessa</span> <span class='ocrx_word' id='word_1_141' title='bbox 638 2981 746 3056; x_wconf 87' lang='lat' dir='ltr'>etiam</span> <span class='ocrx_word' id='word_1_142' title='bbox 767 2978 894 3057; x_wconf 89' lang='lat' dir='ltr'>sanitas</span> <span class='ocrx_word' id='word_1_143' title='bbox 921 2979 1070 3059; x_wconf 85' lang='lat' dir='ltr'>&amp;divi-</span> 
     </span>
     <span class='ocr_line' id='line_1_26' title="bbox 259 3078 1070 3182; baseline -0.006 -24"><span class='ocrx_word' id='word_1_144' title='bbox 259 3085 323 3158; x_wconf 84' lang='lat' dir='ltr'>tiae</span> <span class='ocrx_word' id='word_1_145' title='bbox 339 3103 638 3157; x_wconf 87' lang='lat' dir='ltr'>momentaneum</span> <span class='ocrx_word' id='word_1_146' title='bbox 653 3078 735 3155; x_wconf 90' lang='lat' dir='ltr'>sunt</span> <span class='ocrx_word' id='word_1_147' title='bbox 750 3079 969 3182; x_wconf 90' lang='lat' dir='ltr'>bonumper</span> <span class='ocrx_word' id='word_1_148' title='bbox 987 3079 1070 3154; x_wconf 88' lang='lat' dir='ltr'>mil-</span> 
     </span>
     <span class='ocr_line' id='line_1_27' title="bbox 258 3176 1072 3296; baseline -0.004 -38"><span class='ocrx_word' id='word_1_149' title='bbox 258 3181 293 3258; x_wconf 87' lang='lat' dir='ltr'>le</span> <span class='ocrx_word' id='word_1_150' title='bbox 312 3180 521 3282; x_wconf 88' lang='lat' dir='ltr'>frequentes</span> <span class='ocrx_word' id='word_1_151' title='bbox 538 3182 656 3266; x_wconf 83' lang='lat' dir='ltr'>caius,</span> <span class='ocrx_word' id='word_1_152' title='bbox 684 3176 878 3296; x_wconf 71' lang='lat' dir='ltr'>grassantes</span> <span class='ocrx_word' id='word_1_153' title='bbox 904 3180 1072 3267; x_wconf 87' lang='lat' dir='ltr'>morbos,</span> 
     </span>
     <span class='ocr_line' id='line_1_28' title="bbox 261 3278 1070 3381; baseline -0.005 -24"><span class='ocrx_word' id='word_1_154' title='bbox 261 3281 438 3368; x_wconf 82' lang='lat' dir='ltr'>vulnera,</span> <span class='ocrx_word' id='word_1_155' title='bbox 462 3278 598 3378; x_wconf 83' lang='lat' dir='ltr'>lapsus,</span> <span class='ocrx_word' id='word_1_156' title='bbox 622 3279 773 3356; x_wconf 79' lang='lat' dir='ltr'>subitam</span> <span class='ocrx_word' id='word_1_157' title='bbox 792 3278 1070 3381; x_wconf 89' lang='lat' dir='ltr'>depauperatio-</span> 
     </span>
     <span class='ocr_line' id='line_1_29' title="bbox 259 3377 1069 3481; baseline -0.002 -25"><span class='ocrx_word' id='word_1_158' title='bbox 259 3405 369 3467; x_wconf 84' lang='lat' dir='ltr'>nem,</span> <span class='ocrx_word' id='word_1_159' title='bbox 388 3378 633 3481; x_wconf 85' lang='lat' dir='ltr'>naufragium,</span> <span class='ocrx_word' id='word_1_160' title='bbox 645 3377 872 3470; x_wconf 87' lang='lat' dir='ltr'>incendium,</span> <span class='ocrx_word' id='word_1_161' title='bbox 890 3402 1069 3476; x_wconf 90' lang='lat' dir='ltr'>aquarum</span> 
     </span>
     <span class='ocr_line' id='line_1_30' title="bbox 260 3475 1073 3569; baseline -0.002 -13"><span class='ocrx_word' id='word_1_162' title='bbox 260 3477 545 3567; x_wconf 83' lang='lat' dir='ltr'>inundationes,</span> <span class='ocrx_word' id='word_1_163' title='bbox 571 3479 687 3569; x_wconf 88' lang='lat' dir='ltr'>furta,</span> <span class='ocrx_word' id='word_1_164' title='bbox 720 3478 879 3557; x_wconf 76' lang='lat' dir='ltr'>aeiiones</span> <span class='ocrx_word' id='word_1_165' title='bbox 908 3475 1073 3554; x_wconf 75' lang='lat' dir='ltr'>forenses</span> 
     </span>
    </p>
   </div>
   <div class='ocr_carea' id='block_1_4' title="bbox 259 3576 1072 3780">
    <p class='ocr_par' dir='ltr' id='par_1_10' title="bbox 259 3576 1072 3780">
     <span class='ocr_line' id='line_1_31' title="bbox 259 3576 1071 3657; baseline -0.004 -2"><span class='ocrx_word' id='word_1_166' title='bbox 259 3576 511 3656; x_wconf 84' lang='lat' dir='ltr'>amittendum.</span> <span class='ocrx_word' id='word_1_167' title='bbox 560 3578 702 3657; x_wconf 88' lang='lat' dir='ltr'>Deinde</span> <span class='ocrx_word' id='word_1_168' title='bbox 718 3578 746 3656; x_wconf 89' lang='lat' dir='ltr'>fi</span> <span class='ocrx_word' id='word_1_169' title='bbox 762 3582 868 3654; x_wconf 86' lang='lat' dir='ltr'>etiam</span> <span class='ocrx_word' id='word_1_170' title='bbox 883 3577 1018 3655; x_wconf 89' lang='lat' dir='ltr'>horum</span> <span class='ocrx_word' id='word_1_171' title='bbox 1029 3601 1071 3652; x_wconf 88' lang='lat' dir='ltr'>o-</span> 
     </span>
     <span class='ocr_line' id='line_1_32' title="bbox 261 3677 1072 3780; baseline -0.001 -22"><span class='ocrx_word' id='word_1_172' title='bbox 261 3681 406 3777; x_wconf 78' lang='lat' dir='ltr'>mnium</span> <span class='ocrx_word' id='word_1_173' title='bbox 421 3677 696 3780; x_wconf 81' lang='lat' dir='ltr'>perdendorum</span> <span class='ocrx_word' id='word_1_174' title='bbox 715 3678 857 3760; x_wconf 91' lang='lat' dir='ltr'>nullum</span> <span class='ocrx_word' id='word_1_175' title='bbox 880 3680 1072 3759; x_wconf 85' lang='lat' dir='ltr'>timeretur</span> 
     </span>
    </p>
   </div>
   <div class='ocr_carea' id='block_1_5' title="bbox 926 3777 1023 3880">
    <p class='ocr_par' dir='ltr' id='par_1_11' title="bbox 926 3777 1023 3880">
     <span class='ocr_line' id='line_1_33' title="bbox 926 3777 1023 3880; baseline 0.01 -25"><span class='ocrx_word' id='word_1_176' title='bbox 926 3777 1023 3880; x_wconf 84' lang='lat' dir='ltr'>peti·</span> 
     </span>
    </p>
   </div>
   <div class='ocr_carea' id='block_1_6' title="bbox 0 0 1156 4184">
    <p class='ocr_par' dir='ltr' id='par_1_12' title="bbox 0 0 1156 4184">
     <span class='ocr_line' id='line_1_34' title="bbox 0 0 1156 4184; baseline 0 0"><span class='ocrx_word' id='word_1_177' title='bbox 0 0 1156 4184; x_wconf 95' lang='lat' dir='ltr'> </span> 
     </span>
    </p>
   </div>
  </div>
 </body>
</html>
