2302 4184
39 278 46 291 Ι
164 298 169 305 Ι
454 306 459 317 .
520 280 528 297 0
544 302 547 307 ,

164 322 173 337 ἱ

185 498 189 503 ·
272 472 327 539 22
416 478 477 553 ,n
498 479 526 538 t.
548 444 931 537 nuu‘oustnntto

277 620 488 701 ‹iistinstum
508 623 553 702 ab
576 621 644 701 hac
674 648 799 701 rerum
832 617 1085 713 vi'ciffitudine,

266 734 322 803 ac
339 725 498 801 materie
520 725 647 818 mole;
694 722 888 824 quomodo
915 745 977 799 aut
1006 718 1085 812 fibi,

280 845 344 901 aut
354 824 429 899 aliis
448 822 664 922 persuadere
681 826 816 923 poterit
837 825 904 904 tale
921 848 984 898 ens
999 845 1087 898 cum

151 930 155 937 '
251 945 461 1022 'corpotea
483 923 702 1022 moleatque
729 920 936 1002 extenfione
969 919 1089 999 const·

280 1019 415 1101 stessi
464 1022 526 1100 An
554 1025 651 1100 enirn
673 1024 777 1100 eitius
801 1020 1012 1125 persuadeas
1032 1046 1090 1098 ra·

281 1121 377 1197 tioni
389 1118 568 1199 aseitatem
585 1124 638 1198 rei
652 1119 861 1203 successioni
877 1145 1092 1220 temporum

156 1312 159 1321 1
281 1219 649 1302 &immutationibus
667 1219 859 1323 exposttae,
888 1246 998 1320 quam
1018 1221 1092 1326 spi·

280 1317 407 1397 ritus?
456 1321 550 1399 Item
571 1323 649 1399 vim
679 1324 717 1400 &
748 1324 923 1399 virtutem
953 1342 1092 1397 natutae

282 1439 478 1515 saturatae,
496 1444 608 1595 quarn
625 1442 762 1498 naturae
787 1422 984 1499 naturantis
1010 1443 1091 1497 non

341 1520 424 1597 tetis
440 1520 509 1600 faci
524 1516 768 1600 iusdeclarate
782 1524 915 1601 incute
933 1542 1093 1618 compo·

313 1639 371 1706 to,
387 1619 490 1717 quod
514 1617 734 1721 quotidianis
763 1623 921 1725 panium
945 1614 1092 1697 dissolu-

283 1718 444 1797 tionibus
461 1741 575 1823 patet,
601 1720 614 1796 i
641 1718 668 1799 n
692 1722 736 1797 ab
761 1720 964 1801 extrinseco
981 1721 1092 1797 etiam

283 1812 572 1901 advenientibus.
643 1819 720 1900 uod
733 1845 812 1901 rem
830 1843 982 1899 omnem
997 1816 1092 1896 tnui-

282 1935 325 1992 to
342 1918 540 2018 majoribus
556 1916 1001 2021 difficulnnbnsimplican
1013 1939 1092 1995 non

281 2011 401 2093 solum
416 2014 539 2117 quoad
554 2018 654 2096 DE!
677 2017 924 2108 existentiam,
957 2020 996 2095 in
1019 2039 1094 2115 qua

281 2116 555 2216 comprobanda
575 2118 810 2208 laboramus,
828 2142 960 2196 verum
982 2119 1094 2194 etiant

283 2213 408 2313 quoad
426 2216 536 2320 hujus
556 2216 947 2319 mundiexplicandum
955 2239 1094 2306 ortum,

284 2314 598 2415 &phaenomena,
637 2321 675 2396 in
696 2318 830 2419 quibus
847 2315 994 2398 infinitis
1009 2340 1094 2419 per·

284 2414 514 2512 plenitatibus
539 2413 721 2517 nodisque
748 2420 872 2496 omnia
892 2420 1093 2495 Sttnosa

179 2604 183 2609 ¹
284 2513 454 2596 invoivit.
512 2516 613 2596 Cutn
645 2520 743 2594 enim
770 2517 959 2597 creationis
980 2512 1093 2616 possi·

282 2613 457 2694 bilitatem
479 2642 524 2693 ne
572 2639 622 2706 t,
654 2614 772 2693 modo
800 2618 915 2719 magis
942 2612 1095 2691 incredi-

282 2712 346 2793 bili
370 2739 450 2792 rem
469 2740 519 2793 vu
534 2737 549 2791 t
564 2713 801 2817 persuadete:
830 2713 1012 2793 mundum
1021 2739 1094 2791 ma-

283 2815 372 2891 teria
392 2813 616 2891 constantem
633 2814 704 2895 ase
717 2815 894 2894 faciens&
904 2837 1094 2896 aeternum.

284 2910 348 2990 An
376 2914 475 2990 enim
507 2912 645 2992 facilius
680 2913 944 3017 comprehendi
976 2913 1093 3069 foffit

284 3009 415 3088 mundi
424 3016 603 3099 aeternitas
617 3039 726 3113 quam
741 3019 818 3193 egis
834 3016 990 3091 creatio.
1015 3017 1093 3089 An-

283 3132 334 3188 ne
352 3109 531 3191 difficilius
548 3137 728 3216 conceptu
795 3114 927 3192 EUM
944 3138 991 3190 ex
1012 3112 1094 3189 infi-

282 3212 358 3288 nita
387 3216 550 3314 potentia
578 3219 701 3293 omnia
737 3239 783 3291 ex
806 3213 922 3289 nihilo
952 3210 1095 3307 creaffe,

282 3332 395 3408 quam
414 3312 579 3391 universa
606 3313 686 3391 haec
711 3315 754 3392 ab
770 3335 908 3391 aeterno
932 3312 1007 3391 fine
1019 3315 1096 3390 ori.

314 3409 391 3501 ine,
424 3414 464 3493 ἃ
487 3414 634 3492 tutiore
658 3417 705 3492 ita
734 3411 883 3491 existere
901 3410 1096 3514 potuisse?

345 3531 399 3585 tte
435 3509 643 3591 fihumana
670 3539 773 3592 mens
801 3512 934 3612 assequi
957 3514 1096 3617 nequis,

285 3610 481 3711 quomodo
517 3637 565 3697 ex
593 3612 723 3723 nihilo!
740 3613 901 3694 mundus
940 3613 1098 3732 profluet

717 3730 721 3755 ¹
873 3735 1052 3819 ponent,
