2302 4184
337 263 341 271 ι

442 302 445 313 t

277 338 284 349 ι
564 338 567 345 ι

163 508 298 573 trane
322 508 565 569 securata.
589 505 754 569 carra.
825 502 895 578 rtt

83 649 270 757 dogmatis
288 652 331 733 ad
364 651 602 757 symbolum,
651 678 705 730 uo
731 651 899 728 intrinse-
957 732 960 739 ,

83 779 165 834 carn
187 753 273 832 fidei
289 777 453 834 naturam
463 755 589 833 Graeci
606 752 641 830 sc
669 752 897 830 tsmaticiim·

83 877 261 933 mutatam
282 856 445 933 clamans
497 857 613 953 Atqui
626 852 896 930 verohuncer-

83 977 211 1034 rorem
246 955 469 1034 Graecorum
498 954 689 1032 nobiscum
721 952 896 1030 damnant

81 1052 303 1147 adversarii,
367 1054 635 1156 consequenter
697 1053 895 1152 taecipuam
987 1062 999 1099 ²

83 1151 283 1233 schismatis
315 1155 490 1257 culpam,
538 1181 579 1234 ac
602 1080 743 1232 cauam
783 1174 910 1255 penes,

81 1255 165 1333 illos
181 1255 378 1357 agnoscere
389 1254 543 1345 debent,
568 1254 745 1354 faterique
756 1275 825 1330 eos
845 1250 899 1328 es
1004 1270 1007 1277 ’

83 1354 123 1433 se
149 1380 232 1433 reos
246 1358 391 1433 unitatis
409 1355 551 1446 fratta,
576 1347 895 1436 &sansiitatisdo

82 1453 212 1534 sltinae
238 1454 498 1556 pessumdata,
533 1480 573 1535 ac
594 1454 746 1554 perdita
764 1448 895 1529 ficdu·

83 1556 193 1658 plicis
210 1580 326 1635 notre:
371 1581 457 1633 cum
485 1582 525 1635 ea
553 1555 596 1633 fit
619 1579 705 1632 veta
738 1548 894 1643 ecclesa,

83 1681 171 1755 quat
187 1680 316 1733 omnes
331 1655 435 1735 fimul
456 1654 632 1760 possidet,
664 1680 732 1731 nec
759 1651 831 1728 line
850 1676 896 1728 u·

84 1760 198 1833 nione
221 1759 474 1836 membrorum
505 1753 833 1857 &conspiratione
857 1754 896 1827 in

86 1854 251 1935 dositina
278 1857 472 1945 consistere
493 1880 602 1958 queat
621 1876 757 1955 corpus
783 1849 895 1928 eccle-

84 1953 289 2048 siasticum,
313 1980 356 2034 ut
373 1957 458 2033 hinc
475 1961 608 2039 mirum
630 1980 705 2033 non
724 1952 766 2031 fit
782 1955 819 2029 in
835 1970 897 2028 tot

85 2054 220 2147 sesias,
260 2060 298 2136 bt
339 2055 524 2134 haereticas
560 2056 745 2134 societates
781 2049 896 2153 ipsam

84 2154 179 2232 hanc
194 2155 407 2232 orientalem
423 2152 535 2232 scindi
551 2152 732 2231 ecclesiam
762 2173 921 2252 utpote-

85 2257 232 2333 unitatis
252 2277 380 2330 centro
406 2250 622 2332 destitutam.

135 2368 201 2446 lV.
218 2371 269 2443 At
297 2368 474 2445 unionem
512 2367 606 2446 illam
642 2360 894 2447 membrorum
906 2401 1016 2467 eom„
1035 2424 1069 2471 o·

84 2470 325 2569 cumcapite,
354 2488 422 2546 nec
437 2491 513 2543 non
525 2469 831 2572 conspirationem
857 2467 1028 2549 innituerit

84 2569 251 2646 dositina
266 2567 363 2669 apud
383 2590 451 2646 nos
465 2567 592 2647 iisdem
615 2571 750 2649 artibus
759 2562 892 2643 sullen·
905 2568 1043 2643 ecetenae,

85 2672 153 2747 tari
176 2670 307 2771 aiunt,
329 2669 464 2768 quibus
482 2670 748 2750 Maltumedana
772 2664 888 2784 supet-
905 2652 1071 2750 ejuratam

85 2769 202 2860 ilitio,
244 2767 436 2871 tyrannide
462 2766 672 2858 saevilsrma,
715 2751 1058 2885 vlv¹com·⁸c¹,¹,¹,¹,‘s²,¹f¹{„

86 2869 222 2959 burio,
248 2871 470 2970 ignorantia,
494 2867 726 2971 gliscentibus
747 2870 892 2944 interim
906 2902 1017 2963 tionem

87 2967 261 3046 intestinis
285 2968 461 3066 diffidils(
479 2996 503 3045 a
519 2973 536 3067 )
552 3023 563 3057 ,
609 2967 893 3057 dissensionibus,
906 2983 1057 3045 haeretico·

85 3067 332 3147 schismatibus
350 3072 576 3160 animorum,
598 3075 837 3175 opinionum,
855 3071 969 3166 &¹⁰3³
991 3067 1072 3144 “bie-

86 3169 317 3267 scriptorum.
365 3168 466 3244 Inter
490 3170 655 3249 ethnicos
681 3173 789 3251 etiam
815 3154 1027 3247 ἔον-ΨΜ·

87 3290 162 3345 tem
190 3267 289 3343 hunc
314 3290 492 3344 armatum
526 3273 655 3349 orbern
680 3276 717 3350 in
749 3292 836 3370 paee
853 3272 891 3348 δι

87 3370 224 3444 unione
243 3363 480 3462 continuisse3
521 3372 639 3457 cultus
665 3393 755 3452 veto
772 3367 895 3447 diver·
927 3456 931 3462 ,

89 3467 224 3544 litatem
239 3465 334 3542 haud
356 3467 550 3544 absimilem
573 3469 784 3560 obtinuisse,
807 3493 893 3568 quae

86 3567 182 3669 apud
200 3565 347 3644 ordines
369 3566 560 3673 religiosos
577 3572 810 3676 conspicitur.
827 3568 901 3644 aa

799 3694 855 3745 aar

88 3806 137 3885 (a)
159 3800 225 3869 vta.
241 3803 393 3870 Orrruurr
409 3800 654 3886 Tbeologumeaa
674 3808 751 3874 Li.
774 3694 869 3888 {aas
