2302 4184
26 19 1084 337 -

605 350 622 369 0

202 496 288 589 -196
364 510 451 573 nr.
479 504 852 607 nruonarrnrto

207 656 448 741 mentionem
471 655 641 730 omnium
679 652 930 751 rapientibus,
971 672 1019 737 ut

191 758 308 839 nunt
323 758 363 833 in
385 780 425 833 re
444 757 565 831 minus
605 758 691 831 'uam
704 751 764 830 hic
782 752 1020 835 standilocun

207 854 283 937 esse
308 857 497 957 potuerit,
540 877 592 929 nu
667 850 810 929 testium
846 858 1019 955 protinus

199 952 455 1056 -iurpoiiutent
472 952 661 1031 obruente.
716 950 867 1032 Veritati
892 976 1018 1034 autem

206 1054 340 1136 harum
354 1076 479 1131 retum
496 1074 543 1129 eo
558 1054 703 1153 majora
716 1050 917 1133 testimonia
932 1054 1019 1131 red·

208 1154 251 1235 di
275 1174 496 1257 potuerunt,
523 1176 600 1250 quo
616 1151 850 1327 protelat-iota
867 1152 1018 1233 fuerunt

209 1252 323 1345 fasir,
347 1276 456 1355 atque
470 1251 520 1330 illi
531 1275 614 1427 pru
630 1274 732 1368 entes
762 1252 1017 1372 adhuctestan

206 1374 410 1459 poterant,
474 1377 512 1429 ut
547 1371 704 1443 annau,
761 1376 836 1431 tnte
895 1357 958 1432 tati
975 1376 1019 1434 ac

207 1457 299 1534 vitoe
313 1454 397 1531 sunt
410 1477 449 1531 re
482 1451 573 1529 ‘tuti
622 1449 743 1552 Quod
777 1479 829 1556 po
861 1478 1019 1545 remum,

206 1553 486 1633 resuscitationis
502 1548 679 1627 nimitum·
697 1577 718 1630 a
739 1577 881 1645 morte,
909 1557 1020 1632 mita-

206 1654 336 1733 culum
364 1649 700 1769 tergiversationem
722 1676 877 1730 omnent
910 1654 1019 1745 tollit,

205 1776 318 1855 atque
335 1750 510 1831 insinttam
526 1748 713 1827 Creatoria
731 1752 864 1829 indicat
884 1776 1021 1855 poten·

207 1856 308 1944 tiam,
328 1850 654 1953 stupendonaturoe
671 1851 845 1928 miraculo
860 1856 1021 1931 animam

207 1978 368 2054 corpote
386 1951 579 2029 diremtum
597 1952 731 2026 iterum
740 1952 1021 2054 conjungendo,

209 2074 254 2130 ut
267 2052 400 2131 nuliius
415 2053 500 2130 attis
514 2052 665 2152 magicae
687 2072 750 2127 aut
780 2048 1022 2130 daernoniacae

206 2150 268 2229 hic
282 2152 500 2231 intervenire
514 2151 676 2251 potuerit
693 2149 823 2228 illusio.
865 2150 1021 2229 uchri-

206 2250 264 2331 sto
287 2272 410 2330 tutem
427 2275 503 2326 non
519 2274 598 2327 uno
615 2251 653 2326 in
664 2247 828 2339 homine,
848 2273 1021 2355 tempore

206 2374 269 2433 tut
283 2350 369 2429 loco
385 2348 456 2428 suit
468 2348 632 2429 fatiunt:
679 2352 811 2427 notatis
833 2348 883 2428 sin
938 2351 1021 2430 lati-

68 2476 75 2493 ·
203 2472 263 2531 tet
277 2447 511 2540 hominibus,
539 2447 680 2527 familiis
693 2450 731 2529 δι
747 2451 885 2527 circum
916 2454 1023 2533 antiis

206 2551 302 2643 aliia,
332 2576 444 2650 quae‚
466 2550 532 2626 nist
554 2546 827 2641 veu'fuiffent,
856 2549 1020 2629 substste·

55 2689 59 2695 ·
145 2698 150 2705 ι
200 2674 247 2727 re
264 2653 302 2727 in
316 2648 512 2727 hominum
527 2646 599 2724 fide
617 2647 818 2727 nullatenus
836 2672 1020 2752 poterant,

207 2748 252 2829 ad
273 2771 408 2827 tantam
427 2752 629 2825 novitatem
655 2748 919 2851 &stupendam
935 2775 1020 2830 retu

206 2850 437 2927 concitata&
452 2870 573 2925 emota
596 2846 792 2927 hominum
815 2852 1019 2929 attentione

205 2950 247 3029 δι
263 2946 490 3027 curiositate:
516 2948 633 3046 qualia
648 2946 849 3047 ptaesettint
866 2954 1021 3027 inmor-

175 3136 178 3141 ,
206 3070 243 3125 te
262 3046 397 3137 Christi
416 3046 639 3136 acciderunt,
660 3044 750 3123 dutn
774 3048 895 3127 velum
923 3072 1021 3129 tent·

205 3148 258 3247 pii
277 3144 420 3231 scissum
449 3172 468 3225 a
499 3148 643 3224 summo
675 3144 790 3243 usque
823 3146 1022 3243 deorsum,

203 3266 298 3324 tetta
318 3250 482 3337 tremuit,
518 3269 631 3346 petra:
647 3243 755 3322 sciffae
771 3245 855 3325 sunt
871 3250 1022 3351 &apen

181 3428 185 3435 ,
203 3364 240 3422 ta
259 3344 464 3447 sepulchra,
480 3372 636 3446 corpora
646 3348 759 3423 multa
772 3346 1021 3442 surrexerunt,
1072 3418 1076 3423 .

203 3446 502 3545 &apparuerunt
525 3447 677 3537 multis,
731 3444 785 3523 sol
805 3448 1021 3531 obscuratus

150 3610 153 3617 .
202 3544 273 3623 διε.
303 3545 533 3650 Quomodo,
554 3544 617 3623 nili
643 3571 769 3625 teveta
784 3551 908 3625 omnia
926 3553 1022 3627 acci-

200 3640 350 3739 dissent,
366 3644 447 3725 haec
464 3649 588 3727 onmia
612 3668 670 3726 tot
693 3648 732 3727 ὅ(
747 3669 842 3725 tanta
867 3672 956 3826 ctgm
974 3676 1021 3731 ο-

812 3772 890 3827 ιιιιιι
917 3773 961 3829 us
