2302 4184
77 448 81 461 ’
218 498 662 571 ucunnrttctorra
688 500 786 599 cry.
862 452 928 577 '29'

101 670 224 738 orces,
239 643 391 749 quando
412 620 568 727 maxims
591 644 756 725 laborant
775 648 916 725 caecita-

100 768 174 845 te3
204 768 315 847 atque
335 743 412 822 hoc
433 744 551 823 adhuc
563 744 693 848 gloriae
713 745 856 835 ducere,
873 748 913 827 dt
960 834 968 855 ⁵
1037 810 1043 818 .

100 846 309 927 excellentis
331 846 482 935 rationis
495 845 627 923 babere
641 868 913 949 argumentum,
939 862 942 867 ’

126 973 214 1026 uam
231 942 436 1049 iongiffitne
453 947 620 1023 aratione
626 946 797 1032 aberrare,
819 944 912 1022 Pro·

98 974 155 1125 dit
170 1048 247 1123 hoc
265 1048 544 1149 corruptionem
573 1070 615 1123 ac
638 1043 912 1149 perversrrateut

96 1168 239 1225 natura
255 1144 410 1234 nostrat,
447 1170 532 1242 quae
560 1168 645 1221 cum
671 1144 913 1223 anterioribus

96 1245 332 1349 temporibus
348 1262 351 1267 '
369 1244 417 1321 ita
441 1246 480 1319 in
512 1268 664 1323 omneru
686 1241 912 1348 superstitio·

97 1354 186 1424 nem
218 1368 336 1447 prona
364 1367 403 1419 ra
430 1366 585 1433 eretur,
634 1365 677 1422 ut
701 1344 841 1420 coitum
866 1367 913 1419 o-

95 1447 248 1523 mnibus
266 1442 343 1521 fere
361 1368 471 1521 regns
487 1444 664 1521 tribueret
687 1442 754 1521 sub
770 1442 912 1547 gentili·

93 1566 191 1633 tate,
229 1567 330 1620 nunc
354 1540 454 1619 hunc
479 1567 547 1620 nec
572 1541 720 1621 summo
752 1541 909 1647 amplius

93 1645 212 1725 Duo
231 1644 391 1721 tribuere
404 1640 498 1720 velit

144 1772 214 1853 IV.
232 1766 367 1849 Adhuc
389 1770 576 1849 meliorem
589 1770 846 1876 sanioremque
859 1772 906 1853 de
920 1791 1010 1859 cansa
1023 1793 1086 1873 est,

92 1872 275 1975 religione
291 1871 558 1971 cultuqueDEi
579 1870 738 1975 supremi
757 1876 903 1979 opinio·
915 1880 999 1955 ,quon
1024 1877 1087 1956 ple.

92 1998 182 2051 nem
200 1968 306 2073 geffit
323 1970 501 2060 Ericut
517 1996 587 2051 us:
623 1978 792 2073 quamvis
808 1973 1040 2077 diri-,1¹¹¹”tue
1132 2010 1138 2025 ⁸

90 2098 178 2150 uam
195 2092 344 2174 negaret
357 2068 645 2172 providentiam,
659 2074 758 2153 Deos
780 2097 900 2154 tamen
916 2042 1074 2188 gz‘ss'ffl‘n'

91 2167 276 2251 colendos
291 2170 434 2271 putavit
443 2168 500 2259 ,ob
523 2169 772 2272 praestantiam.
794 2202 797 2213 ·
827 2171 900 2253 Sed
917 2210 987 2271 riam
1002 2226 1054 2272 ,g

89 2273 193 2365 enirn
222 2266 410 2361 fatendum
432 2268 511 2361 est,
544 2267 678 2351 sublata
701 2271 902 2375 providen—
917 2308 995 2372 gam

88 2373 159 2458 tia,
181 2370 368 2469 optimum
382 2368 569 2473 religionis
584 2395 740 2447 nervum
757 2369 901 2463 succidi,

88 2495 180 2549 vera
192 2469 353 2558 amoris,
371 2469 561 2580 pietatisac
568 2466 712 2570 justitiae
727 2473 834 2549 etiam
846 2497 903 2551 ru·

92 2572 197 2649 tione
207 2566 383 2666 exulante.
420 2566 520 2647 Cum
528 2571 626 2646 enim
637 2568 905 2671 spedamusbo-

88 2674 233 2757 mann,
256 2667 385 2746 animtd
406 2666 480 2745 hoc
501 2667 728 2772 providum,
757 2692 799 2747 ut
816 2693 903 2745 cum

90 2768 422 2868 Caccnousbt)
445 2762 752 2877 loquat,sagax,
784 2766 903 2847 muln
964 2793 998 2854 c.

86 2869 190 2971 plex,
231 2885 386 2958 ocuturn,
417 2891 574 2960 mernor,
602 2867 738 2972 plenum
761 2871 903 2950 rationis
961 2872 964 2876 “
1036 2870 1044 2890 “

90 2976 133 3058 25
150 2962 279 3069 constiti
290 2964 452 3069 praeclm
474 2967 620 3070 quadam
644 2967 828 3055 conditione
841 2993 900 3074 ge-

90 3087 246 3145 neratum
271 3092 292 3144 a
312 3065 485 3169 supremo
509 3068 642 3163 ,DEO
677 3068 901 3175 singulariter

88 3167 346 3273 cogitationis,
367 3164 613 3259 discretionis,
633 3168 901 3245 intelleiiionis-
954 3181 956 3184 ’

86 3293 162 3371 que
186 3289 344 3345 munere
364 3265 600 3358 infirmium,
630 3290 672 3345 ut
738 3266 793 3344 ffit
812 3263 901 3343 'udi-

86 3393 168 3448 este
180 3367 228 3445 de
243 3369 290 3444 iis
304 3366 433 3455 rebus,
475 3391 560 3465 quae
590 3364 654 3445 fibi
703 3392 770 3444 ene
795 3294 901 3457 dunt,

85 3469 205 3570 deque
228 3467 321 3559 illis,
345 3468 411 3564 qui
429 3462 492 3543 fibi
515 3466 780 3554 benefaciunt,
814 3488 901 3580 erga

82 3596 176 3677 quos
191 3568 326 3672 suapte
351 3586 478 3645 nature
543 3570 592 3645 ati
613 3569 741 3671 auiuti,
756 3587 900 3652 amoris,

547 3688 575 3765 4
750 3687 853 3746 teve-

115 3814 265 3907 (Mnb
291 3778 484 3890 delssffibuu
575 3782 580 3805 ⁵
612 3914 627 3935 p

129 3915 135 3929 1
