2302 4184
344 338 350 373 i

145 513 738 599 arnasunaeoorsexr.
807 521 881 612 675

113 685 201 762 VII.
222 684 298 760 Hic
321 644 436 786 igitur
465 680 516 758 est
534 706 646 759 verus
665 679 823 759 ecciefiat
843 674 877 761 ὁ·
897 694 1003 778 Neque

65 784 252 890 postolicae
269 781 463 870 ehamiier,
479 805 519 858 ac
533 803 620 861 nota
637 779 819 861 evidens:
837 804 881 859 ut
896 800 975 846 nova
1008 782 1061 849 de.

65 885 395 984 nunquamvariet,
415 879 504 958 nihil
520 900 682 981 unquam
698 885 854 967 innovet
868 908 878 957 a
893 879 975 1010 {zm
990 865 1061 932 fidet

65 985 176 1084 idque
197 982 247 1059 est
271 1006 397 1061 revera
422 979 639 1058 catholicum
662 981 801 1086 dogma
823 979 875 1060 se-
895 968 1060 1100 baffia

65 1084 230 1164 eundum
248 1078 1019 1187 Vincentrumnostrum,quod„„„,
1102 1102 1110 1107 ··

65 1186 210 1287 ubique,
236 1170 329 1284 qaod
343 1174 485 1286 semper.
547 1181 684 1281 Neque
704 1183 824 1284 potest
842 1184 878 1262 ei

65 1308 213 1386 tempus
245 1280 393 1382 aliquod
422 1279 597 1383 designari
623 1280 814 1366 anteusus,
836 1285 877 1361 io

93 1409 145 1464 uo
173 1408 193 1461 a
222 1383 285 1460 sua
320 1384 435 1459 veteri
467 1378 665 1459 absceiierit
691 1381 774 1460 fide.
827 1380 878 1462 Et

65 1410 94 1567 a
115 1482 329 1582 aliquando,
351 1505 394 1560 ut
409 1480 505 1583 saepe
527 1483 726 1585 contingit,
744 1486 782 1560 in
803 1482 879 1560 fide

65 1583 202 1702 aliquid
220 1580 366 1674 definit,
394 1580 482 1658 nihil
504 1584 673 1673 innovat,
715 1580 776 1660 sed
792 1607 880 1661 con·

65 1707 122 1769 tra
137 1685 393 1762 innovationes
404 1685 538 1760 avitam
556 1679 667 1758 fidem
678 1680 798 1760 firmat
811 1688 881 1777 (a).
969 1704 1005 1766 α

407 1785 482 1861 Uu
507 1804 530 1860 2
646 1780 877 1861 V111.Haec-

71 1972 74 1979 .
110 1915 181 1980 Non
201 1913 272 1979 mihi
286 1933 340 1995 pro
363 1913 429 1978 aliia
449 1915 505 1979 alia
523 1913 668 1992 subjiciat,
685 1916 768 1993 noio,
780 1935 834 1997 pro
855 1961 880 1992 „
1071 1946 1093 1981 t

109 2018 182 2062 auro
204 2013 254 2062 aut
281 1999 469 2076 impudenter
490 1998 664 2075 plumbum,
683 2015 734 2063 aot
755 2002 832 2064 frao-
853 2043 877 2077 „

111 2082 247 2145 dolenter
279 2093 436 2142 aeramenta
461 2079 615 2156 supponat.
670 2082 755 2162 Nolo
771 2085 833 2146 auri
854 2126 878 2160 „

112 2164 260 2243 speciem,
289 2162 338 2224 sed
357 2178 490 2229 naturam
506 2152 603 2239 plane.
651 2162 679 2224 0
700 2163 787 2226 Tru
800 2185 831 2227 o.
852 2210 878 2241 „

113 2264 136 2306 'r
149 2265 171 2306 rr
184 2265 199 2306 a
212 2265 249 2318 t,
273 2263 292 2304 o
308 2243 465 2318 sacerdos,
483 2244 672 2317 otradiator,
689 2242 832 2319 odoeior,
855 2290 881 2324 „

114 2328 184 2390 fite
218 2328 350 2389 divinum
372 2347 479 2390 munus
500 2326 642 2388 idoneum
664 2325 769 2390 iecerit
788 2330 833 2389 in·
852 2371 879 2403 „

114 2411 224 2490 genio,
249 2411 479 2484 exercitatione,
497 2409 661 2489 doetrina,
685 2411 744 2474 esto
757 2411 837 2491 spiri·
859 2453 883 2488 „

114 2492 201 2557 maiis
225 2490 350 2556 Beseieei
372 2534 429 2558 ...
453 2493 556 2557 eadem
576 2498 695 2570 umen,
712 2512 776 2574 quae
794 2495 839 2557 di·
859 2539 885 2571 „

115 2577 221 2651 dicisti,
238 2576 314 2638 doce
324 2621 333 2649 ,
345 2592 388 2652 ut,
400 2594 467 2640 eum
479 2575 558 2639 dicas
574 2594 666 2651 nove,
680 2596 742 2639 non
757 2578 837 2642 dicae
859 2622 884 2654 „

114 2678 206 2723 nora.
222 2704 245 2734 „
290 2659 388 2722 Postea
408 2659 498 2735 veluti
510 2659 665 2731 sciscitans,
682 2679 720 2722 an
735 2681 805 2741 ergo
822 2660 887 2724 nui-

115 2742 163 2807 iua
181 2745 211 2804 in
238 2742 357 2806 eeclefia
382 2742 486 2806 debeat
511 2741 567 2806 eise
589 2743 737 2820 profeetue
769 2744 887 2823 religio·

116 2829 190 2892 niti
211 2824 293 2890 hunc
302 2827 422 2893 minime
433 2822 580 2905 prohibet,
597 2826 644 2887 sed
655 2825 778 2890 muitum
791 2840 886 2906 optat.

117 2950 141 2984 „
165 2909 223 2971 Sed
241 2910 436 2987 (inquitid.c.
452 2912 517 2986 22.)
539 2910 578 2971 ita
589 2925 706 2983 tamen,
730 2925 841 2973 utvere
864 2953 887 2985 „

117 2991 310 3071 proiedussrt
332 2991 382 3056 ille
403 2992 473 3054 iidei
486 3012 547 3054 non
567 2994 751 3069 permutatio.
796 2993 839 3075 si,-
862 3038 884 3067 n
941 3051 945 3059 .

83 3132 87 3139 ,
120 3072 239 3152 quidem
256 3075 292 3136 ad
316 3075 479 3153 profestum
504 3077 651 3154 pertinet,
692 3076 773 3138 utin
797 3075 837 3138 se'-
860 3119 883 3150 „

120 3155 274 3234 metipsum
296 3177 474 3235 unaqueque
495 3178 540 3221 ret
562 3156 776 3235 amplificetur3
803 3159 840 3220 ad
864 3202 886 3234 „

120 3240 365 3319 permutationem
381 3259 475 3314 vero,
503 3257 537 3304 ut
550 3240 660 3319 aliquid
681 3260 718 3304 ea
743 3240 840 3305 alioin
863 3282 888 3320 „

121 3320 202 3384 aliud
226 3336 442 3395 transvertatur.
467 3367 490 3396 „

74 3408 129 3491 ’(ι)
145 3407 283 3487 „christi
292 3408 411 3473 eeclefia
421 3412 529 3488 (inquit
538 3411 631 3474 Vruc.
650 3415 712 3475 nir.
744 3418 845 3475 cmo-
865 3454 889 3489 „

122 3494 180 3557 nit.
208 3497 231 3556 1.
253 3515 277 3557 c.
294 3494 360 3570 23.)
380 3491 477 3557 sedula
500 3496 528 3557 ἃ
549 3509 633 3557 cauta
649 3494 845 3572 depositorum
867 3534 891 3572 „

123 3573 241 3656 apudse
261 3577 431 3654 dogmatum
447 3578 560 3651 custos,
577 3576 650 3639 nihii
671 3581 701 3639 in
724 3577 770 3640 his
795 3598 846 3641 un·
868 3619 892 3655 ‚,

124 3678 212 3739 quam
223 3659 459 3737 permutat,nihii
468 3661 584 3733 minuit,
597 3658 669 3721 nihil
681 3660 774 3733 addit,
787 3681 847 3721 non
870 3699 893 3739 „

123 3756 256 3821 amputat
277 3740 534 3814 neoeiiaria,¹mon
551 3748 673 3822 apponit
693 3742 844 3824 superflua,
869 3783 892 3822 „

124 3845 189 3892 ooo
213 3828 322 3893 amittit
337 3824 405 3906 soa,
427 3842 490 3890 noo
504 3824 622 3908 usurpat
640 3825 765 3904 aliena,
799 3824 857 3888 (ed
876 3863 908 3903 „
