2302 4184
251 476 345 581 aot¹
403 480 489 551 br.
511 482 909 547 oruouortturro

278 656 415 715 uorum
443 630 671 733 aliorumque
698 632 977 711 innumerorum
1007 656 1088 723 to,

297 736 420 813 monia
433 730 626 809 obscurare
642 732 845 832 nullatenus
876 735 996 835 potest
1016 738 1062 815 st.

249 834 404 913 lentium
416 830 635 935 scriptorum
654 858 673 909 a
691 830 764 909 fide
784 831 903 911 nostru
924 836 1064 913 alieno.

249 956 360 1023 rum,
379 934 514 1031 quitur
526 956 584 1011 res
604 930 743 1010 austras
759 957 836 1011 nou
853 934 1062 1054 attingenda

251 1030 877 1133 (umstruatmutptaejudieiisoccu
924 1056 951 1112 ta
965 1060 1062 1112 omr-

249 1130 387 1213 serunr.
479 1154 614 1209 uorum
628 1128 835 1232 libentium(
912 1137 1061 1213 uuiver-

224 1230 322 1317 .sale
338 1230 436 1311 haud
488 1254 523 1322 t,
577 1230 681 1331 quod
707 1234 767 1309 vel
795 1236 1062 1313 incantatorum

249 1356 521 1435 magorumque
556 1354 696 1409 nomeu
739 1333 849 1411 nobis
877 1331 1062 1436 aspersum

250 1432 402 1537 prodit)
418 1454 653 1525 conterens,
699 1434 763 1530 qui
782 1434 890 1511 nobis
911 1460 980 1513 oett
1004 1458 1062 1512 ar-

247 1554 472 1639 gumentum
488 1532 700 1634 negativum
721 1531 919 1631 objiciunt,
937 1532 1063 1637 poffu·

250 1638 344 1732 mus'g
357 1654 589 1732 retorquere,
616 1656 755 1729 eosque
780 1630 913 1709 eodem
937 1657 1063 1737 petere

248 1730 348 1821 telo,
367 1734 543 1811 nimirum
556 1729 653 1831 apud
676 1730 757 1813 ilios
788 1732 890 1831 ipsos
912 1732 979 1813 scri
1008 1757 1063 1813 to·

249 1846 311 1913 tes
335 1853 557 1934 perpetuum
577 1826 648 1929 effe
672 1828 872 1921 stlenrium,
894 1833 939 1909 ad
970 1758 1062 1913 Kale·

218 1956 389 2050 moero
419 1936 458 2011 δι
483 1931 696 2049 continuam
737 1938 1064 2013 commemoratio·

203 2030 539 2231 autari
556 2028 1065 2248 aaubtuuaar

251 2228 346 2324 sent,
362 2259 383 2312 e
399 2256 440 2309 re
462 2229 629 2333 ipsorum
641 2224 780 2321 futffet,
804 2228 926 2308 saltem
942 2234 1062 2313 verbo

250 2330 410 2411 indicare
437 2331 490 2409 im
520 2328 700 2410 usturam:
751 2330 909 2408 maxime
928 2333 1062 2413 nostrie

43 2477 46 2487 ·
106 2436 109 2441 ’
247 2428 463 2513 hominibus
537 2426 752 2511 dokboribus
776 2430 842 2507 illis
864 2429 946 2510 haec
966 2434 1062 2533 obji-

201 2626 205 2633 ,
247 2531 427 2611 cientibus
442 2556 515 2611 tam
528 2528 572 2611 ad
585 2528 804 2608 suadendam
828 2531 986 2611 nostram
1004 2561 1063 2611 re.

246 2632 445 2735 ligionem,
471 2656 582 2732 quam
607 2629 651 2709 ad
667 2631 958 2733 exprobrandam
983 2636 1062 2713 ina·-

249 2726 1062 2936 turbabamur

235 2926 1060 3033 ·dum;S.Jusr1uoapertediceute‚suo

251 3054 329 3115 tem
383 3059 422 3112 re
436 3033 661 3112 ordinarium
683 3038 719 3111 in
742 3030 885 3113 ecclesa
901 3030 971 3112 esse
989 3037 1062 3113 mi.

219 3134 1061 3351 adamat

247 3334 470 3414 sanfflutem
496 3334 805 3429 exorctsmorum,
837 3359 879 3411 ac
906 3336 1061 3437 potesta-

249 3457 328 3513 tem
340 3440 379 3513 in
399 3434 587 3514 daemones
610 3435 898 3535 comprobante:
935 3433 1003 3513 Tu
1018 3461 1061 3511 a.

251 3558 503 3614 ruautauo
533 3536 703 3616 miracula
727 3532 910 3634 ejusmodi
935 3533 1059 3638 profe·

251 3658 356 3723 rente
371 3662 492 3743 ,quta
508 3641 603 3721 iuret
617 3637 717 3743 ipsos
737 3634 913 3741 gentiles,
948 3658 1061 3756 atque

969 3761 1013 3818 tu
