2302 4184
421 472 783 542 rnffirnrlo.

113 650 211 713 men
226 619 441 738 grassatur,
458 648 579 739 atque
593 648 641 710 ut
660 620 848 735 pestilens
864 650 1008 713 cancer
1021 625 1105 713 ser-

111 741 188 853 pit.
243 738 289 821 ln
311 735 423 822 libris
446 763 545 823 vero
574 736 713 849 paffim
736 740 949 850 impietatis
977 768 1105 827 vene.

113 879 217 937 num
227 853 491 963 propinatur,
505 874 615 933 nunc
629 850 946 963 apertiusmunc
960 852 1103 939 occui-

114 965 217 1057 tius,
247 990 296 1047 eo
318 960 460 1074 majori
483 961 695 1073 periculo,
725 988 809 1075 quo
834 962 1019 1053 subtilius
1043 968 1103 1054 est

112 1074 371 1163 reconditum
385 1100 430 1158 ac
445 1070 633 1159 latentius
647 1074 839 1189 sparsum.

169 1300 255 1413 Qui
270 1323 421 1383 nomen
437 1295 696 1386 christianum
711 1298 926 1386 nobiscum
936 1327 1102 1415 gerunt,

112 1438 137 1497 a
159 1414 449 1524 communione
465 1437 600 1495 autern
627 1440 734 1499 verae
761 1408 932 1499 eccleiiae
961 1412 1102 1500 exclu-

112 1523 290 1621 duntur,
316 1520 417 1607 nihil
441 1521 517 1608 hic·
536 1526 686 1621 acrius,
713 1549 782 1610 aut
809 1523 1100 1611 contumeliose

111 1638 158 1721 in
182 1634 221 1720 se
238 1633 393 1721 dic'ium
413 1638 629 1748 reperient.
687 1637 794 1753 Qui,
817 1636 932 1751 quod
958 1638 1100 1723 Petrus

112 1746 279 1835 FABER
294 1750 336 1831 in
353 1748 518 1861 epistola
574 1745 718 1834 undam
744 1753 851 1834 inter
865 1753 1016 1861 primas
1034 1778 1101 1835 re·

111 1856 228 1972 gulas
243 1858 400 1973 posuit,
427 1861 541 1949 cordi
588 1860 710 1951 abeo:
740 1887 787 1946 ut
813 1862 1013 1947 charitatis
1036 1864 1102 1949 in-

111 1976 209 2057 tima
225 1971 375 2057 viscera
395 1999 493 2086 erga
514 1971 702 2058 adversos
724 1973 867 2060 fratres
888 2000 1102 2168 {geramum

110 2082 261 2170 fincere
278 2106 401 2201 atque
411 2085 801 2183 ardenternmemus‚
815 2084 885 2171 nul
903 2082 1100 2175 asfoven-

111 2219 173 2281 tes
188 2199 324 2282 animo
341 2199 629 2310 cogitationem
658 2225 749 2312 quae
771 2196 861 2282 illos
885 2222 1099 2285 contemtu

111 2306 260 2421 dignos
274 2308 483 2398 suadeant:
513 2308 660 2394 deinde
676 2333 722 2395 ut
738 2306 955 2401 illosnobis
972 2337 1101 2397 cone·

114 2447 212 2507 mur
231 2420 474 2519 benevolos,
490 2446 611 2535 atque
631 2424 831 2535 propitios
847 2422 1033 2520 reddere,
1051 2448 1098 2508 ut

110 2532 221 2621 refite
242 2533 294 2619 de
310 2533 426 2619 nobis
444 2542 490 2628 δι
506 2533 700 2631 sentiant,
729 2532 970 2649 &judicent
994 2538 1098 2622 intra

111 2646 163 2733 se.
221 2643 410 2732 Profefim
428 2652 539 2731 enim
562 2646 661 2731 nihil
677 2646 889 2732 adversum
912 2649 969 2734 est
992 2648 1096 2733 adeo

110 2763 220 2873 pacis
236 2758 503 2846 concili-arioni
513 2818 525 2855 ‚
541 2757 823 2872 quamavcrsro
834 2763 979 2869 animi3
996 2787 1098 2847 con-

111 2896 172 2958 tra
191 2896 294 2957 vero
321 2871 419 2957 nihil
440 2871 490 2956 ad
506 2870 764 2958 concordiam
780 2873 999 2960 ineundam
1009 2900 1098 2959 ma-

108 2988 173 3100 gis
190 2980 368 3081 confert,
396 3010 521 3097 quam
539 2983 828 3071 benevolentiae
842 2987 1030 3098 captatio,
1038 3012 1098 3072 at-

108 3125 194 3211 que
220 3096 458 3207 exasperati,
496 3097 801 3213 exacerbatique
832 3102 954 3183 animi
984 3101 1097 3182 miti-

108 3213 235 3324 gatio.
293 3210 502 3295 Pastorum
518 3209 558 3295 id
574 3214 746 3297 maxime
763 3210 840 3306 est,
866 3208 982 3324 quod
1000 3209 1092 3320 plu·

108 3350 173 3409 res
190 3348 322 3419 nune,
345 3322 534 3435 exemplo
554 3323 697 3408 summi
721 3324 888 3433 pastoris
909 3324 1096 3420 Romani,

105 3457 256 3548 agunt,
282 3435 580 3522 exardescentes
594 3435 894 3546 redintegrandi
902 3433 1008 3521 ovile
1020 3434 1098 3520 do-

105 3552 306 3635 minicum
323 3549 475 3648 studim
504 3546 810 3659 reducendique
833 3572 932 3632 oves
954 3547 1096 3635 distra-

105 3660 190 3752 &as
203 3669 251 3759 δι
264 3659 478 3761 alienatas,
505 3658 555 3745 ad
574 3661 694 3747 instar
715 3659 938 3773 evangelici
960 3662 1097 3789 prr-sto-

984 3800 1042 3857 rrs
