2302 4184
383 460 744 561 rnnrtrro.

77 646 121 731 in
127 639 229 742 fines
246 634 345 723 orbis
361 652 473 719 terre
492 634 613 721 verba
633 663 781 735 eorum,
814 636 867 737 (J
881 640 1063 726 velociter

78 755 203 843 currit
213 748 296 861 stila
309 748 602 836 veritasDEI.

136 977 342 1087 Quoniam
360 998 461 1057 vero
485 972 648 1060 inlinitae
676 971 782 1071 sunt,
809 964 1063 1091 fueruntque

24 1096 29 1117 ¹
81 1087 224 1184 sessu,
241 1114 332 1200 quae
350 1083 458 1196 apud
475 1082 514 1168 s'e
529 1112 667 1170 veram
684 1086 924 1198 religionem
938 1115 1062 1203 atque

75 1198 182 1286 hanc
196 1199 369 1284 veritatis
386 1193 619 1282 columnam
635 1197 985 1290 &firmamentum
995 1229 1065 1289 ec·

77 1311 237 1399 clessam
253 1306 331 1393 elie
346 1307 540 1405 clamant,
567 1309 800 1396 contrahas
824 1340 966 1398 omnes
985 1315 1062 1399 de-

76 1419 334 1511 monstranda
349 1421 405 1504 est
419 1418 485 1504 illa
502 1422 607 1505 inter
621 1446 763 1506 omnes
787 1422 868 1509 sola
885 1453 981 1510 vera
994 1454 1061 1511 re-

77 1535 179 1649 ligio
194 1546 240 1629 &
257 1531 437 1628 ecclefia,
457 1555 579 1646 atque
602 1531 652 1616 ab
668 1532 822 1647 injustis
847 1534 972 1648 hujus·
985 1564 1062 1623 no·

77 1648 199 1735 minis
219 1641 502 1758 possessoribus
525 1644 783 1734 vindicanda:
811 1646 940 1760 qualis
966 1678 1062 1739 vera

77 1757 222 1872 religio
237 1755 484 1871 apertissimis
506 1756 760 1855 rationibus,
796 1787 973 1872 veraque
993 1788 1062 1847 ec-

78 1870 192 1959 elesia
210 1866 320 1982 juxta
345 1867 581 1982 apertissima
608 1866 813 1981 scripturae
837 1874 1062 1962 testimonia

76 1982 161 2070 stm
191 1981 1064 2097 erestagnita,atqueomnibustemporibus

78 2010 276 2182 vintsleata
290 2116 427 2179 contra
446 2094 608 2220 iniquos
624 2092 894 2206 usurpatores.
910 2098 1063 2211 Neque

77 2234 177 2291 vero
191 2207 340 2291 liabent
354 2204 591 2301 Nemenos,
635 2205 750 2333 quod
776 2205 906 2317 spreta
926 2214 1063 2297 omnis
1102 2212 1105 2217 ’

78 2319 324 2431 antiquitatis
350 2315 605 2413 russonum,
634 2314 718 2403 solo
732 2343 946 2404 >contemtu
965 2320 1062 2438 reji-

78 2432 199 2531 ciant,
216 2427 527 2543 exsibilentque,
556 2454 647 2540 quae
666 2424 879 2516 afferemus
926 2432 1063 2518 reser-

78 2543 153 2628 tim
174 2539 225 2627 ad
245 2539 627 2626 demonstrationem
641 2560 747 2627 verae
766 2540 874 2628 eccle
890 2573 936 2629 ιω
953 2544 1061 2630 testi-

79 2656 395 2750 moniaeorum,
423 2656 493 2766 qui
513 2651 606 2736 inde
629 2651 678 2736 ab
704 2655 930 2764 apostolicis
957 2683 1062 2742 tem-

78 2767 249 2882 poribus
266 2769 307 2849 in
326 2765 441 2850 sacris
456 2764 661 2874 scripturis
677 2770 863 2864 enutriti,
891 2767 1063 2854 medita-

80 2882 194 2993 tique
211 2876 277 2962 die
292 2904 336 2961 ae
352 2874 491 2974 undu,
508 2875 549 2958 in
564 2872 733 2960 eandem
749 2876 982 2965 sententiam
999 2880 1062 2967 se-

78 3017 176 3077 cum
202 3014 249 3075 ac
268 2988 480 3073 nobiscum
503 2985 721 3074 Catholicis
743 2991 784 3074 in
809 2990 1063 3104 designandis

77 3103 186 3190 notis
199 3129 304 3189 verae
319 3098 488 3187 eeclefiae
512 3097 562 3185 ad
584 3127 716 3187 unum
738 3129 879 3188 omnes
901 3104 1063 3216 conspi-

78 3236 181 3302 rant.
237 3211 387 3299 Nullos
420 3238 554 3299 autem
583 3209 822 3300 adducimus
850 3216 1061 3314 sudores,

77 3326 150 3414 nist
174 3328 320 3441 quiex
347 3327 527 3410 instituto
556 3328 762 3410 materiam
790 3325 893 3411 hane
920 3354 1062 3416 contra

78 3438 288 3526 haereticos
310 3436 633 3531 &schismaticos
655 3436 903 3533 undarunt,
938 3464 1060 3555 atque

78 3550 256 3639 eundem
275 3549 488 3636 nobiscum
505 3547 722 3633 volverunt
737 3547 934 3663 lapidem,
950 3552 1061 3637 mul-

80 3665 132 3751 tis
147 3686 239 3753 ante
256 3658 407 3752 faculis
416 3718 430 3761 ‚
460 3687 584 3777 quam
600 3663 745 3774 nuperi
762 3659 1061 3863 Resorrlpatores

924 3799 1006 3866 tem
