2302 4184
108 460 117 507 ⁴·
204 578 210 593 ,
251 502 332 583 204
415 506 490 567 ui.
509 484 901 569 nrnonarnan'o

253 648 450 749 quomoda
463 655 501 728 in
514 650 592 731 suas
607 652 1066 763 partcapertraxiisentnon

253 750 329 853 jam
344 749 520 853 fimplices
536 752 730 846 homines,
776 753 838 833 sed
862 754 994 832 dodon
1023 756 1065 834 dt

253 848 432 952 sapientes
447 902 460 943 ,
480 856 518 933 dt
536 853 582 930 de
595 856 669 933 aliis
684 856 856 933 omnibus
864 854 972 932 rebus
979 878 1065 970 per·

255 946 407 1042 suasos,
431 976 503 1051 pro
519 953 826 1056 impostoribus&
843 952 1066 1057 superstitio-

255 1046 302 1129 fis
318 1048 491 1133 habentes
507 1050 597 1143 hos,
617 1060 682 1151 qui
698 1057 783 1134 tales
798 1059 957 1157 primum
973 1074 1066 1153 pro-

254 1146 518 1241 serenantes,
565 1151 668 1229 sensu
689 1156 858 1233 omnium
885 1151 1065 1254 expolitas

254 1250 296 1331 dt
314 1248 472 1350 probatu
492 1250 708 1331 facillimas?
760 1258 820 1331 An
848 1278 940 1361 ergo
961 1254 999 1330 in
1022 1276 1063 1328 re

256 1366 334 1439 tam
348 1345 510 1452 suspecta
525 1356 563 1433 &
589 1378 686 1430 nova
713 1379 791 1431 non
812 1359 938 1432 omnia
962 1354 1064 1454 prius

253 1445 398 1551 sagaoes
422 1452 462 1531 dt
485 1450 702 1553 prejudiciis
726 1454 865 1532 detenti
897 1454 1068 1530 homines

257 1548 509 1650 explomtint,
539 1556 769 1652 examinique
796 1554 924 1632 severo
948 1552 1068 1650 subje-

257 1649 399 1741 cenat,
423 1650 557 1748 quibus
580 1651 692 1728 fidem
717 1651 968 1730 adhiberent?
1019 1651 1068 1729 Et

257 1766 382 1827 tamen
394 1748 469 1829 hoc
480 1754 642 1829 certatim
655 1751 741 1829 facit
754 1751 943 1840 mundus,
981 1774 1072 1850 pro·

179 1914 181 1919 .
257 1873 334 1947 que
351 1852 502 1928 veritate
526 1849 656 1929 harum
687 1876 810 1929 rerum
837 1852 1008 1926 omnium
1026 1870 1070 1925 oa

259 1948 534 2048 maiadespicit,
548 1975 744 2039 aemmnas,
766 1971 957 2035 tormenta,
966 1974 1072 2025 mot·

136 2110 144 2125 ,
261 2068 339 2129 tent
354 2046 470 2149 ipsam
494 2054 660 2152 oppetit,
701 2054 754 2128 eis
779 2049 816 2127 se
839 2046 1072 2139 affociando,

255 2150 325 2246 ,qui
340 2146 534 2228 hominem
551 2154 589 2233 in
608 2154 682 2227 vita
706 2148 981 2251 despicabilem,
1004 2145 1072 2223 de-

247 2269 365 2325 ·mum
385 2250 425 2325 in
448 2275 555 2327 cruce
580 2272 772 2329 mortuum
803 2274 873 2349 pro
900 2247 1071 2325 Numine

258 2346 477 2437 colendum,
494 2350 640 2450 abjedis
648 2348 753 2427 sacris
775 2350 931 2447 antiquis
948 2351 1072 2426 omni-

258 2446 329 2527 bus
352 2468 526 2548 tunquam
559 2448 895 2549 superstitionibus,
929 2472 1072 2547 propo·

258 2571 375 2641 nunt,
394 2548 435 2629 dt
453 2546 499 2626 nd
512 2547 625 2639 fidem
647 2547 883 2625 obtinendam
906 2547 1072 2623 referunt

205 2642 209 2657 “
258 2646 508 2727 testimonium
540 2648 828 2737 miraculorum,
860 2647 1069 2748 linguarum

258 2746 489 2847 aliorumque
505 2746 694 2825 donorum
709 2750 743 2825 S.
751 2749 916 2847 Spiritus.
987 2746 989 2751 ’

75 2933 116 3003 Bt
136 2933 221 2999 dein.
309 2888 396 2967 VH.
417 2882 586 2975 Acoedil',
624 2881 726 2984 qUOd
752 2884 833 2963 haec
852 2910 929 2963 110ss
949 2883 1072 2963 sOdUm

77 3038 150 3098 αρε
171 3018 204 3080 in
261 2986 359 3068 dese
379 2984 539 3077 edicant,
563 2983 625 3063 sed
651 2987 758 3063 etiam
783 2985 935 3064 eandem
954 2987 1073 3063 virtu·

77 3101 154 3167 aliu
174 3100 247 3166 fide-
264 3112 340 3168 tem
369 3088 444 3166 aliis
460 3086 649 3165 credituris
671 3082 708 3160 fe
733 3086 1073 3163 communicaturos

76 3183 132 3251 Μ
223 3213 228 3223 ·
263 3188 477 3292 spondeant.
525 3188 618 3262 Non
640 3182 705 3286 ipri
722 3185 840 3263 solum
863 3186 996 3289 linguis
1015 3184 1072 3259 lo-

263 3310 449 3389 quuntur,
496 3283 666 3364 miracula
692 3287 807 3364 edunt
837 3310 961 3364 coram
988 3305 1072 3361 toto

263 3388 386 3477 orbe,
418 3386 480 3463 sed
507 3389 615 3464 etiam
636 3382 724 3463 alios
762 3386 841 3462 haec
862 3406 1073 3487 perpetrare

262 3489 388 3567 omnia
410 3486 572 3565 faciuntt
612 3482 753 3584 hacque
772 3486 833 3588 spe
850 3506 971 3561 totum
991 3481 1072 3559 alia-

262 3584 566 3665 &ratmundum
616 3578 766 3689 Qrodsr
782 3581 966 3686 promiffis
980 3581 1072 3659 stare

261 3684 572 3793 haud'potuiffent
584 3736 597 3776 ,
641 3683 838 3785 quomodo
860 3677 1075 3862 rieffiiffnt
