2302 4184
26 19 1055 255 ψ

214 496 294 579 268
365 502 401 567 r.
419 504 451 563 1.
474 461 872 567 oruontraarto

209 652 299 734 DEI
315 648 598 755 perseveraverit
618 701 629 742 ,
652 676 751 733 nunc
769 675 849 729 non
866 666 1021 727 conten·

213 753 310 832 tium.
379 754 434 829 Ut
459 756 558 830 enim
587 755 1015 840 Mracutsrnrcut,

212 850 528 942 Anturtrcnt,
561 851 663 947 jort
687 852 1018 949 acJarueouta

213 944 379 1051 exempla
394 976 494 1027 nunc
513 976 592 1027 non
608 975 920 1038 commemorem,
937 948 1017 1026 fieri

210 1051 356 1152 potuit,
385 1071 427 1126 ut
437 1075 503 1150 per
516 1048 790 1150 ipsosJudaeos,
817 1049 1018 1153 praesertim

210 1146 336 1253 postea
352 1147 427 1224 sem
456 1174 496 1226 er
512 1154 670 1251 magis&
681 1156 796 1254 magis
810 1154 903 1227 inter
919 1147 1019 1248 ipsos

210 1250 320 1327 etiam
337 1247 398 1350 spa
434 1274 477 1326 os
498 1271 646 1350 gentes,
688 1258 843 1328 maxime
859 1248 941 1351 post
961 1273 1018 1324 ca·

207 1348 413 1524 privinum
422 1348 677 1447 Babylonicam
695 1350 1017 1428 &translationem

226 1449 398 1553 cripturae
414 1446 566 1524 sacraein
584 1450 744 1550 linguam
755 1451 937 1536 Graecam,
954 1472 1019 1522 ve-

207 1548 243 1625 ri
266 1546 352 1623 DEl
372 1549 510 1648 agnitio
525 1550 694 1626 &cultus
714 1550 758 1626 ad
784 1550 1018 1649 sapientiores

206 1646 398 1750 gentilium
420 1670 692 1753 propagaretur.
740 1648 813 1739 Sed
836 1646 1019 1820 cavegglua

915 1773 934 1820 e

243 1885 334 1972 stim
349 1886 456 1948 audere
479 1887 668 1958 contendere,
690 1889 834 1947 neminem
845 1878 1016 1966 pertinutffe

213 2000 232 2029 a
251 1973 293 2032 ud
310 1976 339 2032 D
353 1975 377 2034 Ε
390 1972 416 2032 U
423 1971 468 2034 M
485 1983 588 2047 preter
616 1966 762 2048 Israelitat
783 2014 791 2029 .
816 2014 823 2030 .
848 2013 855 2027 .
891 1972 1031 2044 populat*

251 2056 333 2115 enim
354 2073 474 2122 revera,
497 2054 550 2132 qui
564 2055 678 2128 proprie
701 2056 772 2114 DEl
791 2053 911 2128 populus
938 2054 1016 2110 dice.

250 2150 352 2209 retur..
360 2137 458 2197 nullut
479 2132 648 2212 uliurfuit:
668 2135 796 2194 homines
816 2148 917 2193 autem
929 2152 1015 2211 quor-

250 2222 323 2282 dam
340 2236 402 2279 uon
425 2229 562 2289 terrena,
576 2212 630 2297 sed
647 2219 710 2277 toele
733 2220 744 2276 i
757 2213 950 2295 societatini
966 2237 1015 2274 ve·

250 2321 299 2363 rot
320 2296 467 2380 Israelitat
475 2295 605 2377 superne
627 2303 703 2360 cives
723 2302 825 2377 patrie
834 2301 1013 2375 pertinenter

134 2408 141 2418 ·
250 2387 341 2446 etiam
359 2386 393 2443 iu
405 2386 471 2444 aliis
480 2387 618 2461 gentibus
632 2375 845 2463 fuiffeuegare
875 2402 936 2440 nan
955 2374 1014 2458 pofi

241 2464 321 2549 sunt
336 2510 345 2538 ,
369 2469 441 2546 quia
451 2463 484 2543 fi
494 2480 624 2543 negaret,
641 2460 781 2542 saciiit'me
792 2466 1013 2525 convincuntur

249 2545 393 2629 defendo
414 2547 453 2622 &
467 2551 597 2612 mirabili
613 2552 639 2622 J
653 2551 678 2612 0
691 2551 738 2618 B,
758 2551 811 2627 qui
829 2568 881 2607 nec
903 2549 1014 2621 indige·

247 2654 316 2704 uu,
337 2652 389 2691 uec
401 2626 557 2708 proselytus
569 2628 655 2705 fuit,
672 2626 721 2705 sed
741 2651 776 2690 eat
793 2632 1013 2706 1ιιιιειΙιὺυιιιι

242 2734 336 2796 genus
354 2718 463 2776 ducent
486 2716 529 2773 ibi
544 2727 625 2772 ortus
642 2756 651 2782 ‚
674 2714 781 2773 ibidem
795 2724 928 2773 mortuus
939 2707 1007 2789 ιβ.

249 2799 399 2860 divinitus
421 2807 520 2857 autem
537 2790 682 2874 provisum
699 2791 786 2875 suiffe
815 2796 1011 2867 nostratim,

215 2886 218 2893 '
246 2893 284 2943 ut
309 2901 345 2941 eu
365 2878 418 2940 tac
437 2899 497 2939 uuo
511 2873 675 2958 stiremur,
700 2881 789 2937 etiam
796 2894 848 2953 per
861 2877 1014 2953 attasgen.

249 2974 293 3026 tet
314 2956 362 3045 ff
386 2955 525 3042 ροηιίβι,
548 2963 600 3041 qui
613 2956 777 3037 secundum
791 2963 859 3023 DE
873 2963 898 3022 U
906 2961 950 3020 M
968 2961 1014 3018 οἱ.

248 3060 384 3117 uerum,
421 3048 503 3125 eique
528 3045 726 3119 placuerunt,
772 3047 950 3118 pertinenter
972 3042 1013 3102 ud

238 3125 426 3214 spiritualem
436 3122 614 3204 Jerusalem,
637 3129 714 3206 quod
726 3128 838 3186 nemini
856 3119 1015 3205 couceffiam

241 3206 331 3293 suiffe
351 3212 526 3272 eredendum
547 3207 606 3289 ιβ,
649 3205 706 3287 nist
732 3212 781 3268 cui
802 3211 950 3268 divinitus
975 3206 1014 3285 ιβ

246 3297 392 3356 revelatur
412 3312 493 3353 unus
513 3295 656 3352 mediator
683 3295 779 3354 DEI·
799 3292 838 3364 ἓξ
859 3291 1025 3351 hominum

246 3377 330 3440 bama
346 3374 510 3451 chrislus]
518 3379 570 3440 ts
585 3379 609 3438 U
617 3379 658 3445 S,
682 3377 734 3454 qui
743 3366 889 3435 venturus
904 3377 937 3432 iu
947 3392 1015 3432 car.

248 3480 307 3532 ne,
336 3456 379 3535 fic
413 3461 547 3538 antiquis
590 3456 704 3521 Sauliit
729 3460 1011 3537 prenunciabatur,

248 3544 492 3626 quemadmodum
508 3544 590 3603 nobis
602 3535 705 3623 ventffe
716 3545 878 3601 nunciatus
894 3537 950 3618 ιβ,
974 3550 1013 3598 ut

247 3646 311 3688 una
324 3626 477 3706 eademque
486 3642 539 3700 per
555 3621 646 3703 ipfiem
656 3625 758 3703 fideles
777 3643 872 3684 omnes
891 3625 925 3681 in
940 3620 1017 3684 DEI

248 3711 420 3784 civitatem,
447 3712 518 3770 DEI
539 3712 677 3778 domum,
695 3710 770 3769 nrt
782 3708 924 3786 templum
943 3720 1017 3784 pra-

202 3836 206 3842 ·
242 3791 403 3880 estruem
418 3795 564 3874 perducat
581 3790 774 3858 tunultu.
