2302 4184
212 101 230 112 υ-
249 95 274 112 αι’·

17 287 22 293 .
672 276 678 291 ι
945 266 951 287 ¹
1115 266 1120 297 .'

254 482 331 573 ⁴¹8
390 488 912 561 uatus-numerorum

75 652 238 723 nerem
305 638 355 721 Χ.
371 635 565 817 ¹(gratisne
590 635 805 738 prejudicio
835 634 917 715 haec
936 654 1073 738 expen-

433 767 455 815 e

76 758 144 805 rum
166 738 388 833 nandino
478 738 662 838 ejusmodi
678 736 985 841 descriptionem,
1007 734 1076 815 de·

79 820 227 889 &dm
259 838 562 921 monstrationem
601 836 757 915 ecclesiae
793 861 885 955 cum·
908 834 1077 939 prescri-

78 908 247 1069 ssffim
259 944 389 1047 ptione
419 962 517 1019 verae
549 934 729 1015 doditinae
755 962 796 1016 nc
823 937 1012 1039 rehgionis
1034 960 1112 1017 am

81 1088 180 1138 ww
314 1038 433 1128 oscet,
459 1037 603 1137 quadem
629 1062 700 1115 una
723 1035 860 1125 sanast,
884 1034 1074 1128 mshdioej

324 1137 521 1243 apostoliea
540 1137 730 1216 conservat
752 1136 905 1216 ecciesta
955 1136 1075 1215 Nunc

260 1244 372 1323 etiam
393 1263 441 1317 ear
468 1234 710 1336 descriptione
728 1259 1008 1325 conventuum,
1029 1260 1079 1313 nc·

259 1340 474 1421 societatum
515 1335 768 1415 haereticarum
802 1336 970 1436 quedam
1007 1360 1076 1413 etr-

258 1462 477 1542 cerpemus,
495 1458 538 1515 ut
556 1460 684 1534 aequus
709 1436 825 1514 lesior
842 1436 997 1537 iudicet,
1025 1460 1074 1513 an

259 1564 340 1619 non
353 1536 466 1616 hodie
480 1535 722 1623 conventibus
736 1560 891 1629 eorum,
927 1539 991 1637 qui
1015 1560 1075 1612 ec.

232 1638 402 1717 -ciefinm
428 1636 684 1725 deseruerunt,
722 1640 945 1716 conveniant
970 1656 1073 1715 notae

260 1736 526 1843 ‘imm
843 1832 1075 1918 canum.

260 2021 312 2107 (a)
332 2018 514 2102 „imprimit
530 2019 648 2101 (inquit
668 2016 834 2084 Trtrurr.
850 2019 889 2083 de
909 2019 1072 2100 Praeseript.

304 2151 329 2186 „
346 2126 371 2170 c.
384 2106 557 2184 41.42.43.)
567 2106 631 2184 quis
643 2101 882 2180 catechumenus,
900 2105 965 2181 quis
976 2105 1073 2168 fidelia

305 2233 330 2268 ‚,
347 2191 492 2251 incertum
510 2187 571 2251 est:
606 2189 713 2267 paritet
736 2187 867 2261 adeunt,
889 2190 997 2265 pariter
1021 2206 1074 2251 au·

304 2313 330 2351 ‚,
347 2272 451 2345 diunt,
465 2272 574 2349 pariter
594 2284 699 2331 orant:
721 2270 809 2332 etiam
829 2268 959 2342 ethnici,
983 2269 1003 2332 fi
1028 2270 1072 2333 su-

307 2399 332 2434 „
348 2355 558 2433 pervenerint,
585 2354 721 2416 Sardium
745 2353 889 2427 canibus,
922 2354 1072 2432 &porcis

307 2482 331 2515 ,‚
347 2439 527 2516 margaritae,
540 2434 610 2500 licet
621 2455 683 2496 non
694 2454 775 2499 veras
784 2435 950 2513 jactabunt,
965 2434 1075 2514 simpli·

208 2574 213 2583 .
304 2522 461 2599 „citatem
484 2518 590 2583 volunt
618 2517 674 2581 esse
700 2519 920 2597 prostrationem
944 2516 1073 2596 discipli.

306 2647 330 2682 ,‚
346 2622 411 2676 ne,
437 2604 521 2678 cujus
531 2621 622 2679 penes
634 2620 689 2663 nos
709 2622 807 2665 curant
818 2600 994 2664 lenocinium
1019 2620 1074 2661 ro·

307 2730 331 2764 ‚,
349 2698 437 2747 cant:
462 2703 565 2763 pacem
583 2703 699 2762 quoque
724 2685 823 2763 paliim
848 2701 913 2746 cum
929 2681 1070 2745 omnibus

306 2812 332 2847 „
347 2766 477 2830 miscent.
522 2765 603 2830 Nihil
626 2770 704 2829 eninr
726 2766 841 2830 intetesi
862 2763 930 2837 iliis,
942 2763 1013 2835 licet
1023 2764 1072 2826 di.

306 2894 331 2930 ‚,
348 2848 428 2913 versa
448 2850 658 2924 tractantibus,
671 2851 741 2913 dum
762 2850 800 2915 ad
830 2850 915 2911 unius
935 2849 1070 2912 veritatis

307 2976 331 3011 ,‚
347 2934 597 3011 expugnationem
620 2932 793 3011 conspirent
813 2931 929 3007 ⁴Omnes
940 2944 1069 3008 tument,

231 3087 240 3097 ,
305 3060 329 3093 ,,
346 3034 448 3078 omnen
476 3015 624 3078 scientiam
653 3014 859 3093 pollicentur.'
902 3016 978 3077 Ante
1003 3013 1069 3077 sunt

304 3139 328 3177 „
342 3098 464 3177 perfesii
482 3097 705 3173 catechumeni,
726 3119 812 3177 quam
824 3092 933 3161 edesii
998 3097 1069 3177 ipsae

305 3226 329 3260 ‚,
346 3181 481 3244 mulieres
497 3181 637 3244 haereticae
651 3202 737 3259 quant
760 3200 925 3262 procaces,
948 3200 1071 3259 queau-

304 3308 328 3343 ,,
346 3265 434 3327 deant
453 3264 585 3339 docete,
612 3266 815 3339 contendere,
848 3264 1025 3328 exorcismos
1041 3284 1071 3325 a·

306 3392 330 3424 ‚‚
347 3366 437 3424 gere,
463 3349 628 3412 curationes
653 3351 877 3426 repromittere.
909 3347 1026 3409 forsitan
1039 3350 1069 3409 dr

305 3474 329 3507 „
346 3432 467 3509 tingere.
524 3426 734 3495 Ordinationes
772 3451 874 3494 eorum
896 3431 1067 3504 temerariae,

304 3558 327 3591 ,‚
343 3511 424 3575 lever
437 3515 656 3577 inconstantes:
681 3535 761 3577 nunc
771 3512 947 3593 Neophytos
967 3510 1069 3575 ennio·

302 3640 326 3674 „
345 3611 431 3671 cant,
457 3615 536 3661 nunc
556 3597 660 3660 seculo
676 3599 848 3672 obstrictos,
872 3596 1068 3675 nuncaposta·

301 3693 387 3757 „tas
406 3676 543 3753 nostros,
566 3696 599 3743 ut
612 3680 704 3760 gioria
716 3701 767 3745 eor
777 3680 921 3761 obligent,
946 3680 1072 3757 quinte·

301 3762 425 3845 „ritate
439 3762 640 3847 nanpoisuue
685 3763 840 3843 Nusquam
868 3761 984 3830 saciliua
1002 3780 1072 3843 prn-
