2302 4184
200 540 623 611 etnaarnaoooaa
645 544 767 608 ont.
816 534 892 627 637

84 688 538 797 cisciXavadrtoecutrent.
557 692 896 793 Quin&cotitunia

83 792 316 871 sacroordini
334 790 550 870 adhaerentis
559 793 732 882 miraculi,
741 792 896 894 potesta-
1051 862 1074 891 ,

87 892 133 970 tis
154 893 327 969 nimirum
345 896 384 968 in
401 891 610 971 doemonem
625 894 664 972 δι
690 891 784 969 iilius
796 893 895 995 praea'

83 993 206 1170 Ῑίξιέἱὸε
237 992 404 1092 quotidie
449 989 609 1069 eduntur
651 989 897 1085 documenta,

209 1088 432 1193 fingulariret
443 1091 704 1193 prospiciente,
722 1093 818 1169 utin
836 1114 898 1169 en·

84 1190 186 1269 clefia
207 1190 364 1292 potestas
382 1193 419 1267 in
436 1192 641 1293 principem
660 1189 895 1271 tenebrarum

86 1293 266 1378 emineat,
282 1289 327 1370 ad
346 1293 451 1392 cujus
463 1312 619 1393 regnum
633 1287 895 1371 destruendum

86 1389 269 1471 ecclefiam
289 1388 395 1564 supra
408 1411 548 1492 petram
566 1389 766 1473 constituit.
814 1389 897 1469 Do-

85 1515 179 1570 num
199 1492 307 1567 etiam
340 1492 532 1590 inguarum
546 1486 643 1567 hand
679 1486 833 1568 obscure
854 1486 894 1569 se

86 1588 213 1695 prodit
230 1590 268 1666 in
290 1587 516 1667 miffionariia
535 1589 765 1693 evangelium
787 1587 897 1668 semi-¹

89 1688 258 1768 nantibus
279 1714 298 1767 a
325 1687 376 1766 ud
402 1688 566 1791 popuioa
589 1686 832 1767 diveriiffimia
853 1712 897 1771 te

87 1714 382 1907 peregnniffmia
396 1807 540 1868 utentes
553 1788 704 1893 linguis,
725 1809 768 1866 ut
784 1791 895 1871 etiam
1060 1824 1065 1831 ·

94 1891 306 1993 contigerit,
323 1912 514 1991 precones
544 1887 722 1993 evangelii
745 1911 817 1965 una
839 1908 904 1967 ea·

88 1988 249 2089 demque
268 1986 319 2065 lin
346 2011 412 2076 ua,
429 2014 470 2066 ac
491 1987 663 2069 idiomate
681 1988 821 2067 avar-iis
843 1984 899 2066 di-

88 2088 183 2167 vetii
215 2087 298 2166 labii
365 2086 550 2164 ominibus
585 2087 656 2164 eiie
686 2087 898 2207 exauditos,

89 2186 574 2387 adnitimini
591 2187 898 2363 titania.

89 2411 149 2466 ras
171 2384 392 2488 longinquas
416 2386 540 2461 minor
565 2384 718 2486 eiiergn
843 2387 850 2401 '

89 2480 903 2684 retardatairritandam

91 2689 191 2764 enim
203 2686 356 2764 libenter
376 2684 516 2763 labores
531 2708 661 2763 omnes
678 2683 833 2771 subeunt
848 2680 898 2762 ad

90 2811 159 2864 eos
176 2780 425 2877 revocandos,
445 2806 553 2960 atpue
570 2786 682 2899 vitam
694 2805 899 2900 exponunt,

92 2880 903 3097 initiati,ittihziittti‘tp

93 3106 203 3176 runt,
216 3083 397 3162 sanstitate
427 3086 608 3185 praecipua
627 3082 778 3159 fuerunt
810 3104 902 3159 con·

94 3184 230 3284 spicat,
248 3186 301 3260 uti
322 3185 359 3261 S.
373 3183 549 3263 laniatos
576 3206 662 3260 cnm
690 3181 796 3259 sociis
814 3180 903 3273 suia,

97 3287 132 3361 S.
164 3282 304 3360 Carolus
331 3282 595 3372 Bounomos,
621 3284 656 3361 S.
671 3281 904 3359 Fnanctacoa

94 3380 254 3486 Salaſsus:
281 3382 417 3481 quibua
447 3380 530 3458 licet
567 3402 803 3459 annumerare
826 3402 906 3472 eoa,

95 3487 161 3584 qui
179 3482 319 3584 scriptia
334 3505 465 3558 eorum
479 3503 734 3584 expugnarunt
750 3502 905 3569 errores,

97 3607 207 3682 atque
224 3584 317 3659 inter
333 3579 404 3659 hos
412 3579 591 3659 mimum
604 3582 905 3671 Bentannmon,

96 3686 157 3763 cui
179 3678 322 3786 ipfimet
351 3676 497 3760 nudem
517 3683 659 3784 pientia
676 3677 822 3783 infignis
841 3702 907 3759 nn·

329 3814 333 3819 ·
767 3801 855 3886 gare
