2302 4184
30 17 392 257 -
432 18 440 31 Ἰ
475 17 1092 297 -

592 276 597 287 Ι

1048 304 1088 323 ,μ

589 346 592 357 Ι
627 354 630 359 ι

144 528 146 533 ,
222 482 305 561 114
394 419 900 541 unnuuouaruar't'o'·
927 448 935 455 ”

229 629 431 710 stianorum
456 623 674 704 consensum
702 626 871 704 omnium
898 616 1047 732 tempo,

229 752 318 811 rum
353 724 561 804 faciendum
588 722 786 805 manifestis
816 731 1045 831 argumentis¹

230 827 350 917 foret,
369 824 514 925 utquid
531 825 758 904 obtineretur
774 822 973 907 secundum
983 842 1044 907 uo'

231 948 373 1006 curatas
391 949 588 1024 aequasque
611 928 752 1005 critices
787 926 939 1030 regulas.
988 929 1045 1006 A.

230 1051 347 1131 gmon
359 1024 417 1102 hic
428 1028 562 1103 iterum
577 1023 1046 1128 Saruosuduciuquum·

231 1128 289 1204 vis
308 1125 516 1228 plerasque,
540 1148 632 1224 quas
646 1124 817 1225 profert,
834 1126 941 1205 'leves
958 1152 1047 1207 cou-

230 1226 406 1329 jeiiutas,
429 1247 476 1300 ex
495 1223 716 1304 unaar-
734 1224 869 1303 Ezua
888 1230 1048 1320 mutuet,¹

229 1350 317 1426 quae
333 1325 421 1429 ipsae
434 1323 509 1400 hoc
523 1322 568 1401 sd
583 1320 769 1401 summunt
789 1322 933 1425 possent
953 1352 1046 1429 pto.⁴

229 1424 344 1516 bure,
381 1446 460 1501 nou
489 1425 659 1500 omnium
697 1427 855 1502 omnino
884 1430 1045 1529 partium

231 1524 437 1606 Morsus
454 1520 757 1602 effeautiorem:
786 1523 890 1624 quod
918 1526 964 1604 ad
991 1531 1046 1606 rei

230 1647 467 1705 momentum
484 1622 573 1701 nihii
586 1622 742 1714 confert,
759 1622 805 1701 nd
843 1624 1045 1706 robandam

222 1725 425 1844 religionis
463 1746 506 1803 ac
537 1721 759 1825 scriptorum
837 1724 1044 1807 osaicorurn

223 1846 561 1923 veritatemque
591 1825 629 1898 in
651 1820 752 1900 salvo
768 1821 836 1914 est,
868 1822 1044 1905 dummo-

234 1925 347 2003 dode
364 1920 541 2002 bonafide
553 1920 846 2024 conscriptorum
860 1921 1046 2004 sacrorum

222 2025 416 2106 -librot'um
434 2020 600 2110 constet,
630 2042 717 2123 quae
744 2019 869 2122 quoad
885 2020 1048 2102 substan-

234 2126 324 2204 tiam
342 2123 431 2203 nihil
444 2122 655 2200 mutationis
678 2122 819 2204 tulerits
851 2123 1046 2203 cumhinc

210 2271 214 2277 .
234 2227 275 2305 ἃ
288 2222 374 2301 inde
387 2220 571 2324 quandam
583 2220 688 2322 adjici
700 2221 911 2324 particulam
929 2226 967 2299 in
980 2251 1047 2303 ve-

227 2320 311 2404 -teri'
319 2321 534 2402 testamento
551 2346 598 2398 eo
618 2324 740 2399 minus
759 2318 966 2423 suspeiiutn
990 2324 1045 2417 stt,

233 2446 314 2527 quo
328 2423 472 2502 donum
487 2418 732 2525 inspirationis
746 2419 818 2498 fuit
838 2427 1047 2524 perennius,

234 2546 279 2602 ut
292 2524 541 2627 explicationis
554 2543 616 2599 aut
632 2523 741 2599 etiam
764 2524 1047 2602 continuationis

234 2623 338 2703 causa
361 2620 530 2722 quaedam
548 2618 632 2699 addi
648 2620 775 2699 eadem
788 2617 910 2700 divina
924 2623 1048 2702 austo-

234 2743 564 2922 spns,
601 2722 1048 2901 instituitis-¹³

264 2918 339 2999 stiie
362 2922 561 2999 Mouseu
578 2945 654 2997 non
676 2947 752 2998 uno
770 2922 856 2998 loco
877 2923 915 2999 in
928 2921 1051 3022 ¹ipsius

234 2947 336 3100 fibris
353 3020 529 3113 refertur,
550 3021 675 3100 DEO
697 3020 900 3124 fingillarim
920 3025 1051 3124 praeci·

236 3125 361 3222 piente
385 3120 575 3222 quaedam,
603 3146 687 3222 quae
714 3122 843 3199 litteris
859 3120 1050 3224 consigna-

234 3245 302 3299 tet.
353 3223 501 3325 Quibus
515 3246 601 3299 cum
619 3223 779 3320 reliqua,
803 3245 889 3397 puae
914 3224 1046 3301 Moust

232 3320 507 3412 attribuuntur,
538 3322 576 3398 in
609 3322 784 3399 orationis
827 3322 901 3397 etie
925 3322 1049 3400 cohae-

231 3444 354 3510 reant,
378 3424 469 3520 quin
481 3447 522 3501 ea
537 3424 644 3499 etiam
667 3419 938 3522 conscripserit,
965 3449 1043 3500 am-

220 3516 382 3622 ,bigendi
405 3521 500 3600 nulla
527 3520 712 3602 causaest.
779 3524 834 3599 Ut
868 3520 963 3600 adeo
989 3548 1047 3602 res

67 3711 69 3716 ,
231 3618 470 3702 controversa
487 3616 534 3704 ad
553 3625 705 3725 exiguas
733 3621 938 3727 particulas,
957 3626 1048 3703 reci·
1090 3682 1092 3697 .

918 3710 994 3817 dat,
1017 3808 1021 3819 ,
