2302 4184
288 514 341 591 qo
426 482 527 571 ''t.1.
548 512 936 573 oenonsrntrto

292 654 575 757 lum'reltpsum.
625 660 716 735 Sane
733 656 807 737 hoc
820 656 1097 737 immortalitatis

291 776 424 835 votum
444 782 485 834 nc
499 755 656 833 studium
667 760 967 837 immortalitatem
976 784 1096 838 meam

134 934 137 945 ,
291 854 532 945 demonstrat,
564 880 647 933 cum
671 857 759 936 nihil
785 884 863 937 non
884 856 1096 963 impendant

203 990 208 999 ·
293 955 475 1041 mortales,
493 955 536 1031 ad
554 958 797 1036 immortalem
812 956 1014 1058 suamepud
1055 982 1096 1032 o-

293 1054 697 1135 sterosconservnndnm
712 1059 936 1137 memoriam.
970 1058 1013 1133 ln
1029 984 1097 1133 fiac

292 1158 401 1234 etiam
409 1156 697 1271 vitanihilmogis
707 1155 833 1234 soliciti
841 1156 974 1237 sumus,
984 1181 1097 1256 quam

293 1257 408 1335 vitam
426 1280 535 1357 quam
557 1254 761 1357 longtffime
776 1256 1009 1355 protrahere,
1032 1280 1099 1359 ge-

292 1378 364 1433 nus
380 1359 486 1436 etiam
499 1358 536 1435 in
550 1356 645 1433 mille
662 1358 859 1457 progenies
881 1378 1098 1458 propagare,

294 1479 365 1531 nec
382 1480 517 1559 corpus
534 1452 618 1557 post
639 1474 797 1531 mortem
823 1454 896 1533 line
920 1459 1098 1537 memoria

213 1594 217 1602 ·
293 1554 541 1655 relinquimus.
590 1552 683 1659 Qiel
702 1560 887 1657 procreatio
905 1554 1098 1645 liberorum,

293 1651 379 1757 quid
386 1653 580 1757 propagatio
603 1652 878 1856 nominoio&
894 1648 968 1759 ipsa
982 1652 1022 1770 Je
1066 1654 1098 1730 1-

295 1776 430 1831 ctorum
456 1772 667 1835 montinento
684 1750 776 1863 stgnt
801 1772 911 1844 cont,
953 1778 1015 1831 nn
1039 1775 1100 1831 not

282 1851 416 1955 sutoro
434 1852 621 1959 cogitare?
666 1874 709 1933 ut
742 1852 884 1933 dudum
911 1852 1057 1931 then
1070 1878 1097 1929 o

293 1952 495 2055 perspexit:
520 1950 650 2029 nostris
668 1951 1098 2053 vetotemporibusmul-

294 2051 323 2129 ti
342 2076 412 2167 pro
445 2055 614 2132 omnium
637 2050 915 2133 luculentissimo
945 2054 1099 2132 immor.

294 2150 436 2231 talttatis
462 2177 501 2229 ar
554 2173 679 2229 mento
704 2172 934 2253 agnoverunt
960 2149 1099 2231 deiide-

292 2252 408 2338 rium‚
427 2175 578 2350 quoffin
592 2250 702 2328 nobis
716 2250 834 2340 ardet,
849 2272 893 2327 ut
909 2274 1099 2348 nunquam

295 2372 373 2424 non
389 2347 507 2431 simun
590 2353 730 2432 uomvis
743 2351 842 2430 enim
867 2352 1022 2429 inomni
1040 2374 1098 2425 re-

291 2468 376 2529 tum
395 2471 519 2534 nantto
532 2449 859 2533 animadvertemus
878 2447 1047 2538 studium,
1058 2451 1098 2532 δι

157 2576 161 2582 ’
290 2546 455 2633 annisum
470 2551 631 2650 proprior
643 2549 948 2640 conservationis,
970 2550 1007 2625 in
1016 2546 1097 2624 solo

293 2664 416 2731 tamen
428 2646 581 2733 homine
603 2647 679 2737 hoe
703 2646 862 2727 studium
887 2646 930 2727 td
955 2651 1097 2729 oeterni-

291 2751 454 2829 tatem&
470 2747 698 2829 demtionem
715 2751 824 2827 etiam
839 2746 922 2850 post
934 2769 1096 2827 mortem

291 2846 541 2946 protenditur:
567 2870 609 2930 ut
622 2844 715 2927 adeo
733 2872 801 2924 nos
814 2844 1098 2948 circumspeilos

288 2944 439 3033 reddat,
474 2944 670 3045 quomodo
681 2946 764 3059 post
783 2946 880 3029 hanc
899 2948 1014 3029 vitam
1040 2946 1097 3025 fe·

287 3043 402 3123 liciter
415 3042 598 3157 degamus⁴

114 3222 153 3285 Et
186 3237 262 3282 verae
342 3202 390 3283 V.
408 3202 456 3279 Et
475 3205 650 3300 quoniam
668 3223 743 3283 tam
767 3227 898 3302 petum
920 3198 1099 3281 felicitatis

113 3303 274 3398 felicitato,
293 3298 331 3374 in
347 3299 415 3379 hec
438 3303 511 3380 vitn
542 3300 828 3400 consequimur,
864 3300 929 3383 ubi
960 3302 1122 3390 omnin·

115 3410 201 3488 quam
229 3385 278 3449 ¹¹¹⁶
292 3398 448 3487 miseria,
468 3400 677 3491 doloribuS‚
701 3403 873 3485 aerumnis
889 3400 1016 3500 pleno,
1033 3424 1097 3478 an·

114 3472 185 3534 *³⁰⁰¹
207 3491 258 3549 ΡΟ·
291 3522 341 3574 no
358 3499 652 3599 praesumendum
681 3500 729 3583 de
753 3504 900 3602 optimo
916 3499 1098 3593 Numine,

61 3582 64 3587 ·
113 3554 251 3619 tissimum
581 3602 588 3615 ,

112 3656 172 3698 non
185 3658 254 3701 con
290 3624 376 3675 eum
398 3625 466 3677 nos
489 3598 641 3679 volutile
658 3622 800 3687 tantum
828 3624 948 3678 creare
977 3598 1023 3677 ad
1046 3594 1098 3675 la·

111 3717 276 3800 lequuntur.
291 3698 452 3813 elimas?
495 3721 556 3783 aut
579 3724 650 3785 nos
669 3699 773 3809 posse
800 3698 960 3907 'sempepl
989 3697 1100 3778 relin-

829 3878 832 3883 .
958 3822 1047 3881 llere
