2302 4184
61 17 1003 257 -

312 255 322 265 m

126 507 551 608 rtttsttttqoets.
573 508 653 578 dv.
736 458 813 580 d,

61 654 122 732 teia
139 653 275 731 divinae
292 655 418 757 gratiae
433 652 667 730 instrumenta
677 651 810 731 DEUS

61 779 123 830 ’am
162 755 383 832 sanditatem
427 752 546 832 efficit.
619 755 812 829 Nimirum

61 855 160 932 ditas
178 881 253 931 non
271 853 619 932 tantumtheoretice
637 852 709 929 sese
722 875 811 928 con-

61 979 156 1031 :utm
172 953 311 1044 reddit,
330 977 370 1030 ut
390 953 478 1030 nihil
492 951 566 1031 falfi
579 973 758 1055 ⁴appareat
771 954 811 1028 in

61 1057 244 1153 gmatibus,
259 1054 347 1131 nihil
358 1057 476 1157 injusti
494 1057 531 1130 in
545 1077 694 1129 morum
704 1053 813 1155 placi·

61 1214 62 1227 ,
90 1153 149 1230 sed
167 1154 290 1232 omnia
313 1153 423 1257 digna
436 1152 569 1232 coelesti
587 1157 624 1232 ἃ
640 1151 814 1255 superna·

61 1253 105 1331 aii
125 1254 219 1330 illius
247 1257 390 1332 orioine
406 1253 442 1330 se
460 1253 723 1355 comprobent,
746 1275 812 1328 ve·

61 1376 82 1428 n
101 1357 208 1432 etiam
223 1357 259 1431 in
279 1323 433 1433 efficacia
452 1352 533 1441 sua,
558 1375 737 1452 quatenus
754 1349 812 1429 lex

61 1456 144 1530 mini
159 1454 376 1532 immaculata
379 1453 452 1553 stt,
473 1479 513 1530 ac
529 1470 720 1530 condemns
736 1453 813 1528 am·-

61 1576 80 1630 t.
131 1552 173 1631 ld
197 1553 233 1630 se
253 1556 377 1655 prodit
394 1558 431 1631 in
447 1555 600 1631 mirabili
620 1554 734 1630 totius
751 1575 815 1627 or-

77 1655 336 1747 cottverstone‚
361 1655 639 1732 conservatione
654 1676 751 1729 verae
769 1648 815 1727 fi·
911 1678 919 1694 ⁴·

78 1756 114 1829 in
130 1755 219 1830 orbe
235 1756 427 1851 catholico.
478 1752 621 1831 Deinde
635 1753 722 1827 vitae
738 1751 814 1828 san·

61 1873 158 1929 :atem
177 1857 214 1931 in
231 1858 405 1932 membris
423 1854 533 1952 huius
548 1849 703 1928 ecclefiae
719 1849 813 1925 sem·

60 1977 68 2024 τ
90 1952 268 2050 producat
291 1953 488 2052 discliplina
508 1953 588 2028 haec
612 1946 748 2028 Christi
769 1972 813 2025 ο·

61 2074 151 2141 rtet,
217 2052 293 2127 uod
321 2051 429 2127 nobis
451 2050 625 2127 indicium
645 2046 814 2146 christus
947 2086 986 2111 .-

61 2149 149 2226 suit:
176 2079 409 2247 {xftudibus
423 2173 536 2224 eorum
555 2144 747 2250 cognoscetis
761 2167 814 2224 eos

61 2307 66 2326 .
93 2248 140 2324 Et
155 2248 199 2325 ab
218 2248 390 2348 apostolis
406 2249 532 2350 petiit:
558 2244 663 2322 luceat
679 2244 744 2321 iux
760 2269 813 2320 ve·

61 2373 66 2417 t
88 2371 199 2422 coram
216 2344 423 2433 hominibus,
437 2366 476 2422 ut
495 2342 633 2421 videant
646 2361 743 2447 opem
757 2369 814 2419 ve·

61 2472 102 2533 t,·
125 2451 168 2535 εἴ
190 2442 377 2564 glorificent
407 2445 544 2522 Patrem
575 2443 717 2546 vestrum
731 2534 732 2538 Ἰ
748 2439 813 2536 (b).
923 2517 935 2543 ‚

61 2544 154 2622 cedit
171 2545 227 2624 hts
246 2545 418 2623 omnibus
435 2542 626 2622 sandimtis
642 2543 730 2622 alius
758 2544 814 2618 in-

61 2647 111 2723 uis
145 2645 328 2724 charadet
362 2669 460 2723 verae
495 2642 674 2734 eeclefiae,
699 2667 812 2742 quem

62 2743 166 2823 ristus
178 2748 212 2824 ei
229 2742 415 2848 promifit:
439 2745 659 2849 Sigmautem
675 2767 737 2832 eos,
752 2745 811 2845 qui

61 2842 221 2932 diderint,
240 2842 303 2922 haec
311 2837 514 2947 sequemur,
529 2847 567 2919 in
587 2846 719 2920 nomine
740 2868 811 2919 meo

61 2947 157 3019 tonia
191 2943 321 3021 e'icient
343 2949 410 3032 &a
424 2950 475 3040 (c)
524 2944 675 3053 Qtibus
703 2944 812 3021 etiam

62 3042 167 3122 tistus
210 3044 293 3120 dem
310 3042 374 3120 fibi
389 3042 577 3120 conciliare
587 3044 704 3120 voluit
719 3070 727 3116 :
741 3044 813 3119 Sci-

61 3149 201 3245 squiaa
217 3143 323 3220 DEO
339 3142 455 3242 venisti
469 3141 638 3248 magister,
659 3148 739 3244 quia
757 3167 814 3218 ne-

63 3240 165 3344 potest
178 3240 478 3348 ltaecstgnafacere,
497 3268 565 3347 qut
580 3263 619 3318 tu
629 3241 735 3343 facit,
751 3246 812 3318 nit

61 3346 104 3421 rit
117 3344 253 3423 DEUS
274 3366 348 3418 cum
366 3369 400 3417 eo
422 3342 491 3439 (d).
518 3342 684 3419 Eccleiiae
704 3343 813 3419 etiam
898 3334 936 3417 d.
1038 3411 1041 3418 ,

61 3440 186 3520 thane
208 3443 310 3521 dedit
329 3443 523 3522 claritatem
557 3442 757 3618 ptaesertilm
773 3443 815 3519 il-

731 3568 760 3621 ts

61 3725 85 3799 t)
103 3723 208 3788 Matth.
222 3725 286 3790 vn.
302 3734 355 3791 16.
482 3728 530 3804 (b)
546 3725 654 3790 Matth.
668 3724 703 3790 V.
718 3732 765 3793 16.

61 3810 79 3885 Ι)
99 3807 191 3875 Marc.
204 3809 285 3874 xvi.
303 3829 350 3889 ¹7·
482 3810 533 3890 (d)
548 3808 593 3887 Jo.
609 3809 663 3875 ΠΙ.
679 3828 711 3876 2.
805 3844 809 3854 ·
