2302 4184
263 491 352 603 μευ
375 488 407 547 t.
424 450 518 561 ,un
541 454 745 569 eossum
762 476 859 541 nur
874 476 1066 553 ¹tartarei

275 630 517 741 Albigenses,
538 622 724 748 quidquid
742 622 803 705 aiii
817 625 862 703 in
881 625 1105 705 eontrarium

268 736 429 831 'dicam
453 734 532 813 imo
549 740 646 811 tutet
660 724 890 805 waldenses
910 728 1022 827 ipsos
1039 750 1104 803 non

279 835 486 919 eonvenite
512 828 662 911 hicum
675 824 896 909 Wieleffitir
921 836 1105 907 non'eon·

270 936 302 1017 'i
328 938 446 1027 itant,
487 935 543 1013 oti
567 954 640 1023 ,nee
668 926 726 1007 iiii
749 930 789 1007 in
816 930 1009 1009 omnibus
1033 950 1105 1005 cun
1147 950 1149 1043 ξ

276 1078 279 1083 ·
327 1034 465 1115 uffitia:
492 1030 582 1113 nulli
605 1054 701 1109 vero
727 1026 880 1109 easdem
915 1054 944 1107 o
975 1030 1108 1109 inionet

283 1134 472 1241 pefferunt
484 1120 644 1225 omnen,
675 1154 768 1234 quaa
785 1150 922 1209 tenent
938 1056 1108 1209 {urben-

284 1238 348 1329 ni,
368 1230 671 1316 aut‘Caivinistae.
736 1228 998 1311 Conveniunt
1022 1227 1107 1332 sepe

203 1388 206 1393 -
286 1333 479 1415 nobiscum
494 1334 565 1413 illae
585 1330 692 1427 setin
711 1332 750 1409 in
770 1330 832 1409 his
851 1382 864 1423 ,
886 1356 996 1433 quos
1016 1354 1109 1409 erto·
1146 1348 1149 1429 j

276 1456 347 1537 [res
363 1434 531 1538 capitales
544 1435 583 1512 in
599 1432 708 1513 nobis
723 1428 971 1513 detestantur.
1021 1428 1109 1509 lnii-
1147 1456 1149 1463 ·

282 1530 331 1629 lie
345 1537 455 1615 etiam
468 1587 481 1630 ‚
493 1536 665 1637 quibuaa
683 1532 792 1612 nobis
805 1528 1002 1625 diffident,
1016 1554 1110 1631 qua·

278 1630 374 1735 ,uam
391 1633 571 1728 sentiunt,
603 1658 688 1735 quae
707 1630 774 1713 fibi
795 1632 852 1711 im
881 1634 983 1711 utari
1009 1630 1111 1709 mini·

159 1812 163 1825 ,
284 1756 349 1814 tue
367 1734 505 1814 vellent
524 1731 734 1825 adversarii,
757 1752 837 1811 tam
852 1656 945 1810 iant
957 1726 1111 1809 horren·

284 1830 334 1913 da
353 1862 395 1915 ac
410 1832 627 1937 blasphema
675 1832 762 1911 Nee
788 1830 908 1910 refert
935 1830 1048 1933 quod
1079 1834 1110 1908 in

285 1936 467 2037 aliquibus
496 1935 741 2028 conveniant;
767 1938 1016 2033 nequeenim
1046 1952 1110 2009 not

283 2034 325 2113 in
347 2035 520 2115 omnibus
533 2034 579 2111 ab
599 2033 666 2111 illis
684 2031 887 2122 distamus,
930 2058 1005 2111 nec
1032 2030 1110 2111 Cal·

282 2134 421 2213 viniani
440 2132 708 2225 aLutheranis‚
734 2154 798 2211 aut
825 2132 953 2210 ambae
976 2130 1038 2212 hae
1063 2131 1108 2209 se·

220 2308 226 2317 ,
280 2230 352 2313 ἃῑε
368 2236 413 2313 ab
428 2233 690 2335 Anabaptistis,
713 2234 751 2312 δι
780 2254 910 2310 tamen
941 2258 1024 2311 non
1049 2231 1109 2310 snb

281 2332 410 2411 eadem
428 2332 620 2411 censemur
641 2333 918 2411 communione
943 2335 983 2415 δι
1001 2335 1109 2412 ecele-

281 2428 332 2510 fia
350 2461 360 2510 ε
386 2431 561 2511 diffensus
577 2434 675 2509 enim
688 2432 844 2532 quilibet
863 2434 1033 2533 capitalis
1050 2432 1110 2511 fio

279 2553 324 2609 ut
339 2536 515 2627 unitatem
532 2530 635 2623 fidei,
658 2533 707 2611 ita
720 2536 1040 2613 communionem
1053 2560 1106 2611 ee·

280 2630 414 2725 clefiae,
440 2636 478 2713 ὃ(
493 2630 836 2711 contesserationem
863 2636 1015 2737 rumpit
1042 2635 1105 2713 fn·

280 2735 471 2813 ternitatis.
520 2734 616 2811 Haee
633 2732 759 2810 omnia
792 2731 857 2810 hic
882 2734 1101 2841 flagitamus,

278 2828 371 2909 dum
394 2834 439 2913 ab
462 2830 701 2924 adversariis,
734 2830 799 2910 ubi
819 2832 942 2916 fuerit
966 2834 1099 2913 ecclesa

275 2951 360 3011 ante
386 2932 711 3025 reformationem,
744 2937 990 3032 quaerimus,
1024 2958 1099 3013 vera

279 3034 399 3125 enim,
416 3058 494 3109 non
516 3031 703 3132 qualiscun
730 3057 778 3109 ue
791 3037 1015 3135 inquiritur,
1023 3058 1097 3113 cum

276 3154 350 3231 qua
366 3132 468 3212 liceat
486 3134 633 3233 unionis
662 3058 783 3211 feius
805 3134 994 3239 jungere,
1028 3160 1097 3215 ver·

277 3230 330 3309 bo
346 3231 494 3321 dicam,
526 3257 612 3332 quae
636 3230 679 3310 stt
706 3231 834 3310 eadem
874 3236 1095 3351 profeffiont

278 3333 441 3411 veritatis
463 3332 646 3436 ejusdem,
675 3333 968 3437 participatione
996 3336 1096 3417 sacra·

278 3454 493 3511 mentorum
507 3433 732 3524 eorundem,
750 3434 998 3516 aeminiiierii
1011 3439 1096 3539 ejus-

277 3526 384 3613 dem=
409 3559 479 3613 nec
490 3532 530 3613 id
551 3532 597 3615 ab
612 3533 737 3635 aliquo
752 3555 944 3637 tempore,
967 3537 1097 3619 aursa-

988 3664 1056 3718 cu-
