2302 4184
205 516 281 591 130
351 512 419 575 nt.
454 472 839 574 nnnonmmo
922 466 933 497 ³

202 661 230 743 s
289 682 407 741 tntum
441 653 657 749 habebant,
698 680 742 736 nt
770 656 819 736 iili
844 652 1018 735 convinci

204 686 309 867 ffie
329 779 543 863 putarentur
561 756 734 837 falsorum
755 757 957 846 fastorum,
981 782 1017 836 o-

207 859 285 967 pud
303 882 400 960 quos
426 857 524 960 geste
544 882 585 936 et
606 856 694 950 sint,
734 858 845 960 idque
876 859 1016 935 recenti

204 960 323 1042 adhuc
338 961 528 1047 memorie,
539 981 587 1033 eo
599 979 778 1059 tempore,
795 982 940 1059 quotes
952 954 1017 1035 ad·

201 1058 486 1161 integerentur.
522 1055 616 1132 Fieri
633 1080 724 1176 ergo
743 1061 923 1163 imprimis
938 1080 1016 1134 non

230 1178 375 1247 otetnt,
400 1177 442 1234 ut
459 1154 652 1233 hominum
669 1181 799 1260 ingens
818 1154 1019 1235 multitudo

201 1184 295 1339 {tiit
314 1254 412 1347 effe,
442 1256 758 1335 tecenternutfieri
776 1258 811 1335 se
825 1256 1019 1359 inspicien.

200 1359 300 1439 tibus
313 1382 353 1435 nc
365 1354 515 1437 testibus
529 1351 738 1444 crederent,
760 1382 844 1457 quae
860 1355 944 1436 falia
962 1354 1017 1433 ess

204 1456 294 1536 sent.
343 1454 519 1535 Fascinnti
551 1453 745 1554 aliquando
771 1456 891 1558 potest
920 1480 1018 1537 unus

206 1553 507 1649 alterve-oculus,
540 1574 583 1632 ut
596 1576 691 1731 pure¹
702 1579 778 1633 non
803 1555 906 1647 sunt,
933 1557 1016 1650 eise,

206 1662 293 1761 qitae
309 1679 388 1736 non
406 1653 533 1756 videt,
557 1657 597 1732 vi
622 1676 684 1731 ete
706 1651 743 1732 se
765 1678 894 1756 putett
924 1660 1019 1736 inte·

306 1756 606 1849 autemnttiones
618 1751 666 1833 de·
682 1758 757 1831 inte
784 1781 822 1832 ro
835 1754 1020 1835 fastorum

223 1860 297 1943 erie
313 1851 527 1958 persuadete
546 1853 663 1944 veile,
690 1781 836 1932 etsgem
850 1852 1019 1937 fnlfitntes

207 1958 373 2077 plutibus
396 1956 498 2033 annis
525 1954 708 2031 continuis
738 1956 1022 2056 repetitionibus

207 2056 464 2145 moneamini
480 2078 537 2143 te,
557 2075 643 2153 quae
659 2057 829 2131 omnium
847 2056 884 2131 in
910 2054 946 2132 se
963 2079 1018 2134 nt-

207 2159 412 2237 tentionem
427 2156 540 2251 repitt
562 2176 668 2271 que,
696 2153 802 2330 pund
819 2158 1021 2233 unicecor-

205 2254 331 2347 diest,
359 2256 397 2334 δι
416 2254 565 2332 maximi
579 2264 694 2331 tnte're
731 2304 742 2341 ‚
772 2253 912 2333 cultum
936 2256 1021 2333 reli-

206 2358 330 2461 gionis
348 2376 512 2444 novum,
535 2353 796 2455 arduum-vitre
811 2378 948 2457 genus,
978 2381 1022 2434 ec

193 2456 412 2560 ·genetrlem
446 2455 560 2531 totius
598 2453 699 2531 orbis
739 2456 1021 2534 eonvetfionem

208 2557 293 2661 post
309 2554 346 2633 se
364 2552 494 2633 trahit:
546 2554 610 2653 qui
626 2552 661 2629 id
676 2577 695 2631 n
713 2551 749 2630 se
766 2553 844 2632 fieti
862 2554 1020 2657 potuiss'e

208 2658 319 2759 primi
335 2653 512 2757 evangelii
530 2654 917 2751 praeconesexiiiimnri
936 2655 1020 2759 pos-

208 2754 325 2835 sunt?
392 2755 453 2829 An
476 2751 702 2852 simplicitate
727 2753 782 2829 stu
811 2755 1020 2854 iditnteque,

207 2882 252 2935 tn
271 2851 759 2953 vetonrtifieio&ingeniic
794 2854 1019 2934 iiditatenfii

204 2956 393 3041 Neutrum
410 2950 469 3057 hic
491 2950 671 3051 proficere
685 2975 840 3053 poterat,
857 2976 899 3031 ut
916 2959 1022 3056 peni-

207 3075 268 3137 tus
285 3049 492 3131 incredulos
515 3050 825 3153 constringntnuS,
848 3058 912 3154 qui
935 3082 1022 3133 mo-

205 3154 257 3231 do
276 3152 458 3231 stultitiam
480 3202 491 3240 ,
531 3148 648 3227 modo
681 3152 843 3231 astutiam
861 3176 1022 3255 prteten-

205 3250 300 3330 dunt
317 3254 493 3355 principia
520 3274 701 3328 mutantes
719 3305 729 3339 ,
755 3274 868 3353 prout
884 3250 1021 3333 adrem

205 3351 306 3430 susm
325 3348 395 3428 effe
413 3353 575 3429 noscunt.
628 3353 722 3450 Quo
756 3352 836 3454 ipso
859 3378 937 3429 non
958 3355 1020 3432 -so

205 3451 282 3529 lum
301 3450 381 3529 satis
395 3452 597 3540 declarant,
620 3476 730 3549 qunm
756 3458 934 3530 aratione
957 3480 1021 3533 ve-

186 3554 307 3647 m&
324 3551 526 3640 constanti,
558 3552 596 3630 iit
626 3556 784 3631 veritatis
808 3551 927 3630 studio
951 3554 1021 3635 sint

203 3652 333 3746 alieni,
354 3675 485 3733 verum
510 3653 620 3731 etiam
648 3654 758 3733 novis
788 3651 863 3731 sese
896 3655 1021 3733 invol-

872 3774 969 3833 vlint
