2302 4184
10 512 17 541 ι
107 498 123 579 ,·
191 516 269 591 ,22
295 494 412 583 u-nr:
433 496 655 571 curru-r
674 496 774 567 urr
792 488 1002 575 uererer

104 710 112 731 .
158 670 380 777 ·Qrod'en
394 646 1014 773 etirnrvrler,urputeet,DEUM

191 773 341 878 fignurn
360 770 401 851 dr
422 789 551 847 notum
584 766 743 885 ecclesie
768 766 1014 885 ‚senaim

193 862 800 1089 ”eniminum
851 867 1013 1053 sissi

195 1072 243 1152 eb
261 1068 393 1148 illisus
410 1094 458 1145 ue
482 1067 529 1148 ed
549 1066 917 1149 consummenonenr
951 1072 1013 1151 sn·

193 1171 268 1250 cuii
281 1168 383 1247 sunu
411 1168 550 1247 rstentie
568 1166 753 1248 suciendae.
774 1168 1012 1253 Sicchriinu

194 1270 243 1349 de
262 1266 447 1347 phariseis
470 1268 737 1369 loquitur(a)r
770 1268 884 1372 Super
907 1268 1011 1350 cutbe-

192 1370 293 1449 uam
314 1366 436 1473 Muyfis
451 1362 613 1484 sederem
634 1364 753 1477 scribe
765 1372 810 1459 u'
828 1366 1010 1473 Phanai

179 1490 388 1675 W
414 1492 489 1575 ergo
503 1466 638 1586 denque,
652 1472 789 1573 facire,
898 1490 1010 1591 we·

207 1566 478 1672 auumffame
507 1566 620 1647 noim.
693 1570 749 1646 Ut
783 1593 884 1649 neo
914 1570 1014 1671 incure¹

192 1672 466 1748 communiente
482 1665 662 1747 dourinae
674 1670 787 1747 eduen
800 1672 1007 1773 impiorum

189 1766 380 1946 Pastorum
451 1768 595 1860 ffimus,
621 1790 728 1867 etque
744 1767 816 1846 eise
832 1796 1007 1851 cumini·

204 1871 233 1945 is
250 1870 287 1944 in
300 1870 395 1946 eccle
410 1869 461 1961 iu,
485 1871 575 1968 quin
587 1872 828 1949 eorumviriis
839 1896 1007 1950 noscun-

114 2028 118 2035 .
188 1972 420 2048 ruminemus.
467 1970 504 2047 Si
520 1974 627 2061 enim,
652 1972 770 2073 arguit
784 1994 918 2050 contre
931 1973 1005 2051 Do-

232 2212 256 2247 „
272 2188 359 2249 gare,
371 2167 472 2234 heberi
487 2171 564 2234 inter
579 2168 606 2233 se
616 2189 741 2246 avaros,
763 2184 816 2235 aut
828 2174 1001 2251 maledicor,

232 2296 256 2331 ‚,
271 2269 321 2318 aut
335 2254 486 2329 ebriosos,
508 2272 557 2318 aut
572 2274 710 2333 rapaces,
728 2258 757 2318 ἂ
779 2255 876 2334 ipsum
893 2258 1000 2321 Orrr·

229 2381 253 2414 „
268 2357 361 2411 uun,
388 2340 436 2415 qui
461 2337 598 2401 universe
618 2338 721 2400 Africae
742 2338 911 2404 notissimus
931 2342 997 2416 suit,

231 2463 255 2495 „
273 2440 360 2498 quem
383 2421 492 2483 tamdiu
515 2420 717 2498 pertulerunt,
740 2424 883 2498 quamdiu
898 2425 1001 2488 timue·

140 2522 148 2545 r
230 2545 253 2579 „
271 2519 365 2577 runt,
388 2502 503 2586 fortasse
527 2504 686 2566 defendere
709 2505 907 2569 conabuntur.
950 2507 998 2570 Di·

231 2630 253 2662 ,.
275 2604 344 2647 cant
362 2603 452 2664 ergo,
473 2587 492 2647 sr
515 2586 652 2664 possunt,
682 2586 831 2649 meliorem
854 2589 884 2651 se
909 2604 998 2668 atque

230 2713 254 2745 „
271 2672 465 2747 purgatiorem
481 2670 588 2732 habere
613 2689 691 2734 nunc
709 2668 881 2743 eeclefianr,
905 2691 996 2748 quarn

229 2795 253 2830 „
268 2767 330 2814 erat
351 2751 410 2830 ipsa
435 2753 528 2817 unitas
550 2752 701 2816 beatissimi
723 2752 891 2815 Crerrrur
917 2769 997 2814 tem.

123 2896 131 2905 ,
227 2879 251 2911 ,,
267 2835 409 2914 poribus,
434 2838 481 2914 qui
498 2834 624 2912 collegas
638 2833 872 2911 suur,aquibue
890 2850 996 2899 tamen

228 2963 250 2993 „
267 2916 346 2980 nullu
366 2918 512 2995 corporali
544 2920 735 2995 disjundiuue
764 2916 915 2995 separatus
940 2920 991 2994 est,

137 3016 139 3021 ’
228 3043 250 3076 ,,
268 2999 380 3064 nullum
396 3021 497 3066 eorunr
509 3004 681 3065 nominatim
691 2998 852 3080 appellans,
865 3000 917 3062 sed
928 3022 993 3080 pru·

228 3125 252 3159 „
272 3084 375 3146 denter
396 3105 430 3147 ac
457 3084 550 3147 sobrie
575 3084 765 3148 saluberrime
788 3084 990 3148 mordacitatis

227 3207 250 3242 „
265 3166 393 3230 inferens
413 3169 587 3231 medicinam
613 3168 660 3231 his
680 3167 778 3231 uerbis
800 3169 931 3247 graviter
950 3188 988 3229 er·

224 3292 248 3323 „
266 3251 351 3330 guit,
383 3253 449 3328 quia
481 3249 672 3314 esurientibus
694 3253 725 3313 irr
755 3250 876 3314 ecclefia
901 3252 988 3313 fratri·

225 3374 247 3406 „
266 3333 320 3395 bus
343 3332 450 3395 habere
469 3352 620 3411 argentum
635 3333 753 3412 largiter
767 3333 899 3407 uellent,
925 3334 981 3396 fun·

221 3455 245 3489 „
260 3416 314 3477 dor
330 3416 467 3479 insidiosis
483 3417 632 3479 fraudibus
648 3430 805 3496 raperent,
818 3416 912 3480 usuris
922 3413 988 3479 rnul-

223 3540 246 3571 „
264 3498 465 3577 tiplicanribue
478 3499 574 3562 foenus
595 3516 755 3578 augerent,
780 3503 857 3563 &ut
874 3497 989 3579 'apertis-

219 3623 243 3655 „
261 3581 328 3644 fiune
339 3583 522 3656 ostenderet,
535 3584 572 3645 de
589 3581 634 3645 his
655 3582 682 3645 se
702 3585 824 3657 dicere,
851 3583 989 3661 numqui·

218 3705 242 3737 „
260 3663 313 3726 bus
329 3668 363 3739 in
378 3666 463 3727 unius
485 3664 611 3728 ecclesie
626 3667 839 3731 communione
859 3668 987 3743 vivebat,

219 3788 243 3821 „
259 3746 469 3825 consequenter
493 3750 635 3813 annexuit
652 3752 709 3814 &n

170 3827 221 3914 (a)
236 3828 353 3898 meren.
361 3828 484 3895 xxxxi.
493 3849 525 3893 2,
538 3850 570 3911 χ.
