2302 4184
177 492 798 554 rnit-nantarortrs.e.mrt.
839 488 891 571 89
972 480 975 485 ’

90 638 341 719 deMorsrs
361 660 500 730 antem,
528 639 593 738 qni
617 640 761 739 primur
781 640 896 745 origi-

84 768 148 819 nes
169 737 311 840 scripfit
332 764 431 815 verae
455 739 641 838 religionis
655 768 682 828 ,·
701 744 895 819 veracitate

82 842 197 919 multa
215 862 286 917 nos
302 838 486 941 ambigere
502 862 578 915 non
602 838 752 930 finant,
782 862 896 941 quent
948 851 957 869 ⁵

81 942 172 1020 DEI
199 939 350 1017 oraculo
380 938 682 1017 commendatum
703 964 745 1016 ac
764 939 895 1042 prafe-
943 1004 946 1009 .

82 1042 186 1121 tium
215 1038 380 1125 dubitare
400 1038 597 1116 nonlicet:
638 1040 704 1139 qni
731 1040 898 1143 potuerit

80 1144 279 1243 imponere
308 1138 453 1240 populo
478 1140 618 1241 ingenii
642 1138 734 1217 adeo
763 1160 896 1218 conna-

82 1243 222 1326 macir,
243 1238 433 1339 legemtot
446 1238 574 1315 ritibus
599 1260 783 1347 gravatam
797 1263 896 1341 pate·

83 1340 210 1419 sertim
226 1334 518 1427 circumcifione,
551 1362 637 1437 quoe
666 1334 897 1419 derideretur

84 1442 130 1519 ab
153 1440 336 1527 externis,
363 1462 432 1527 nec
460 1434 525 1513 nili
556 1461 641 1515 cum
662 1436 700 1514 in
749 1439 803 1515 nri
824 1438 896 1518 do-

83 1540 166 1617 lore
204 1534 473 1639 susciperetur3
526 1537 592 1615 nili
625 1561 696 1614 con
730 1535 833 1617 'illet
872 1560 898 1619 r

82 1640 123 1719 D
133 1638 219 1717 Eo
242 1635 322 1715 haec
338 1636 550 1737 praescribi,
586 1639 658 1737 qui·
674 1634 898 1721 familiariter

84 1733 322 1815 conversatus
334 1760 419 1813 cunr
435 1736 600 1814 Patribus
611 1736 674 1828 eil,
683 1741 899 1839 qniqnemi·

86 1838 220 1915 raculis
243 1834 342 1912 snam
357 1836 582 1913 voluntatem
598 1834 802 1929 declaravit,
819 1860 900 1917 ma-

83 1931 900 2112 ximeineprrellufflgypn,&(Jhananeaetera

85 2036 909 2238 raetiatt,alttllttntttttz.

137 2262 213 2314 rem
227 2232 323 2337 apud
331 2258 460 2311 eornm
474 2239 739 2349 progenitores.
795 2236 901 2316 Con·
951 2294 959 2303 -

87 2335 235 2438 spellus
250 2356 372 2411 autem
386 2338 487 2411 mirae
506 2360 559 2410 ret
579 2334 776 2433 praescntis,
785 2335 900 2415 fidem
989 2348 993 2361 '

83 2436 357 2535 praeteritarum
389 2436 637 2512 narrationum
682 2434 901 2512 conciliave-

87 2558 163 2627 rat,
182 2558 273 2611 cum
285 2532 368 2611 alias
381 2533 476 2633 apud
495 2530 676 2650 populum
693 2530 797 2608 durae
820 2558 901 2611 cer.

88 2638 202 2723 vicia,
222 2635 326 2735 cujus
340 2633 452 2711 multa
466 2632 574 2709 millia
592 2631 904 2734 morteplexertt,

89 2736 129 2813 ἃ
143 2730 382 2835 quadraginta
406 2736 507 2811 annis
528 2734 564 2808 in
586 2756 714 2809 eremo
737 2730 904 2810 detinue-

90 2858 145 2913 rat
157 2886 168 2924 ‚
192 2832 218 2909 s
301 2834 421 2939 inguis
433 2830 668 2935 polleffionis,
685 2832 905 2911 obtentutitr

89 2932 187 3012 haud
204 2858 299 3010 lltillP
310 2956 343 3023 t,
362 2956 404 3009 ut
421 2954 580 3032 pareret,
599 2957 670 3047 nec
686 2932 818 3047 jugum
842 2956 906 3009 ex·

88 3055 239 3111 enteret.
289 3033 520 3113 Accedebant
531 3029 798 3134 praedtdltones,
814 3056 906 3132 qua-

90 3158 174 3210 rum
196 3154 352 3210 eventus
369 3134 406 3207 in
427 3131 646 3231 quibusdam
663 3135 834 3233 propior,
852 3129 908 3209 de

91 3235 235 3310 caeteria
255 3232 358 3348 spem
376 3255 510 3308 certam
540 3229 700 3310 faciebat.
785 3233 907 3348 Auatit

90 3328 909 3546 aeternitati-attandarra

90 3554 170 3611 rent
185 3534 222 3611 in
242 3530 378 3609 eodem
396 3553 515 3622 coetu,
541 3551 648 3629 atque
668 3529 711 3607 ab
730 3456 798 3609 ilis
818 3555 830 3605 ι
857 3527 911 3607 fin

91 3629 340 3729 hominibusi
364 3632 434 3735 qui.
451 3633 568 3812 avittpT
588 3627 757 3826 peigioni
785 3628 859 3815 aple-
