2302 4184
326 266 332 272 ,
559 260 565 269 ι
605 13 645 275 ΙΙ
921 264 923 269 .

510 278 550 295 ’,-

393 300 402 315 1
515 304 523 313 ι

922 350 931 367 Ο

154 384 159 393 1

224 503 228 507 ’
274 507 327 590 42
391 496 398 506 '
437 479 474 572 ὶ.
497 512 521 572 t.
548 498 929 602 onnonsrni-nto
964 484 967 489 ’

275 678 447 735 externos
471 682 608 754 eosque
624 657 791 776 publicos
820 642 1081 737 divini'cultus

275 755 377 834 nllus
390 755 603 858 obstringit,
628 784 665 834 tn
680 760 811 857 quibus
827 760 1080 834 moximecon-

275 853 361 939 sistit
382 857 508 957 religio
523 858 734 935 hominibus
749 861 787 935 in
804 858 1005 947 societatem
1024 860 1081 959 vi·

276 977 325 1034 tre
343 954 575 1045 coeuntibus,
599 958 900 1058 quibusprimum
919 955 1082 1032 officium

200 1086 206 1106 =
274 1050 345 1131 elle
357 1052 501 1132 colendi
521 1056 697 1134 llEUM
719 1059 809 1134 ratio
836 1056 944 1135 dierat
962 1056 1082 1131 multo

275 1156 412 1256 magis,
436 1181 546 1253 quant
567 1156 629 1235 alia
648 1155 764 1234 officia
786 1181 870 1258 ergo
896 1156 1013 1232 socioi
1042 1158 1081 1232 io

275 1259 499 1350 commercio
543 1261 580 1334 ἃ
599 1290 601 1293 ·
618 1258 876 1333 communitate
913 1256 1078 1332 huorono.

277 1357 373 1460 Qro
390 1356 487 1430 eninr
502 1358 631 1432 arelius
646 1354 804 1432 oblltilli
832 1355 956 1431 sumus
982 1379 1082 1432 cura-

275 1457 350 1532 tori
365 1458 402 1534 &
420 1453 641 1533 benefolloti
664 1457 826 1542 summo,
868 1480 977 1553 quarn
1005 1454 1080 1530 aliis

273 1559 339 1653 qui
362 1553 397 1630 se
429 1576 562 1631 mutuo
594 1557 632 1630 in
656 1553 823 1631 societate
847 1552 1017 1631 sustinent
1041 1556 1080 1633 ὅ(

255 1655 405 1734 fovent
419 1655 598 1753 aequales,
623 1679 669 1731 eo
687 1656 805 1755 mojor
830 1651 880 1730 est
904 1654 1080 1756 obligatio

174 1755 176 1759 ’
273 1756 392 1832 cultus
414 1755 452 1832 ἃ
466 1754 712 1831 observantiae.
764 1752 847 1830 Nec
870 1751 974 1854 quod
998 1751 1079 1844 lint,

272 1858 338 1955 qui
354 1852 725 1942 huicntuneridefint‚
748 1853 871 1955 colligi
888 1851 1006 1956 potell
1017 1877 1078 1929 na-

273 1954 386 2032 turale
405 1953 478 2030 hoc
501 1979 577 2030 non
599 1950 667 2028 ell'e
696 1953 859 2029 debitum
889 1978 929 2028 nc
955 1950 1081 2028 instin-

273 2053 395 2152 e'luntt
419 2078 504 2143 cunt
521 2051 706 2130 videamus
719 2077 993 2150 ,nonnunquam
1008 2049 1078 2126 ho-

180 2169 183 2175 '
271 2157 390 2231 mines
404 2176 530 2231 contra
547 2153 612 2229 nlla
627 2153 750 2229 omnia
771 2153 848 2251 jura
865 2176 987 2268 ogere„
1026 2171 1078 2228 at-

271 2277 346 2352 que
375 2278 523 2332 noturae⁴
539 2275 758 2350 rationisque
780 2276 951 2351 prtnctpta
976 2273 1078 2328 ever·
1103 2322 1106 2331 ,

269 2373 355 2430 tere.
410 2353 451 2430 ln
469 2353 573 2428 nullis
591 2373 711 2429 tamen
734 2352 808 2428 aliis
825 2353 1078 2453 peqcatiscon·

192 2463 193 2466 ’
271 2450 416 2532 scientio
439 2453 577 2531 sceleris
600 2474 789 2550 tantopere
811 2450 1078 2526 cruciothomi-

270 2576 364 2642 nes,
390 2579 498 2653 quant
514 2551 538 2628 st
557 2552 752 2628 inDEUM
776 2545 960 2648 deliquisse
985 2551 1077 2626 inte-

266 2653 342 2728 rius
360 2656 644 2740 convincuntur,
662 2675 772 2748 quent
780 2648 984 2750 agnoscunt
998 2649 1078 2726 nul·

270 2750 408 2830 liuttei
429 2755 615 2855 ignarum,
647 2771 682 2826 ot
708 2774 753 2825 ue
781 2752 1075 2851 omnipotentem

270 2849 445 2929 scelerum
462 2848 660 2939 vindicem,
682 2775 825 2926 lietiarn
839 2850 988 2926 omnein
998 2850 1075 2952 pie-

268 2952 350 3028 tatis
365 2949 505 3027 sensum
522 2946 654 3025 exuille
672 2949 873 3036 videantur,
892 2975 963 3048 quo
979 2946 1076 3026 offici

269 3046 405 3126 debent
422 3072 576 3137 'omnem
596 3050 679 3148 qui,
702 3047 790 3148 quid
812 3050 932 3128 DEO
958 3053 996 3126 in
1018 3074 1076 3126 ac·

154 3198 156 3203 ·
270 3151 384 3250 ceptis
401 3150 577 3240 referant,
606 3149 727 3226 secum
745 3147 986 3250 perpendunt.

89 3294 221 3366 Exobll·
316 3286 382 3364 Vl.
403 3286 445 3361 ln
463 3283 536 3375 hoc
555 3307 675 3362 autern
694 3279 878 3360 instinllus
901 3280 959 3357 ille
972 3303 1076 3359 notu.

77 3384 206 3482 'gerione
266 3383 347 3466 ralis
364 3386 482 3462 cultus
504 3384 743 3485 &religionis
766 3380 950 3458 consistito
965 3381 1075 3467 1)Εο

86 3483 225 3529 monton
270 3486 377 3563 nobis
395 3483 537 3574 insitus,
562 3487 599 3562 ἃ
616 3506 786 3559 creaturae
801 3480 963 3559 rationali
992 3485 1077 3562 inti.

87 3566 252 3696 {utnum-
268 3607 380 3671 mus,
413 3604 454 3660 ut
474 3586 658 3661 ratione&
673 3582 852 3660 intellcitu
874 3608 891 3659 o
921 3577 1074 3664 noscens

87 3717 200 3796 nongt.
266 3682 439 3769 beneficia
457 3682 652 3766 voluntatis
686 3682 735 3762 ob
765 3708 807 3762 eo
826 3685 916 3771 offer
933 3705 969 3778 u*
984 3682 1075 3762 effe·

73 3812 150 3853 'uua
391 3821 394 3828 ·
896 3816 900 3820 ·
922 3802 1041 3941 12th
