2302 4184
320 320 333 339 ἱ
520 334 524 341 .

237 534 316 625 too
368 550 473 609 ora.
496 514 937 607 oratorem-arro*-

233 694 357 775 hutire
370 692 529 782 discunt,
551 695 589 774 δι
602 693 920 791 aliquemrotionio
938 686 1051 769 usum

139 824 153 833 ··
235 795 492 875 nanciscuntur
509 798 546 871 in
565 792 589 869 s
608 793 737 872 mboln
757 790 939 870 docentur
959 816 1050 871 cunt

127 936 132 945 ·
235 892 313 975 aliis
328 888 523 995 praecipuis
542 894 566 970 fi
593 895 628 971 ei
646 891 848 971 christianae
867 893 1050 994 capitibur

152 1008 158 1037 ²
233 993 383 1073 credere
405 998 443 1072 in
465 993 670 1080 ecclesram,
714 1016 868 1092 eamque
897 989 1051 1071 catholi-

234 1118 334 1184 erm,
357 1118 468 1195 quam
488 1095 532 1172 ab
546 1094 721 1173 omnibus
738 1092 890 1173 andiunt
908 1090 957 1169 sic
976 1116 1049 1169 no·

235 1195 364 1273 minari
388 1220 430 1273 oc
447 1194 639 1298 indigitari.
690 1194 738 1271 Et
756 1194 925 1293 quamvis
939 1192 1048 1273 initio

73 1316 82 1338 ‘
123 1344 127 1377 ‚¹
232 1292 283 1377 ita
314 1292 526 1374 coaonae
553 1318 744 1399 parentum
779 1319 820 1372 oc
843 1288 1050 1375 catechista-

232 1414 320 1475 tum
339 1392 516 1491 creduut3
567 1418 688 1475 tamen
706 1392 779 1471 side
802 1390 900 1471 haud
923 1395 1049 1472 minor

131 1490 183 1517 '⁴'
233 1490 357 1571 divina
374 1493 545 1581 credunt,
565 1519 676 1595 quam
692 1494 883 1572 articulum
897 1516 928 1570 e
945 1513 983 1597 g
1000 1491 1049 1571 de

231 1586 335 1675 DE!
351 1594 600 1672 lucamatione
622 1600 689 1675 &n
725 1593 800 1673 hoc
827 1591 1048 1685 discrimine,

228 1713 274 1769 nt
293 1690 487 1797 successae
514 1719 600 1770 cum
630 1696 744 1772 aetatis
768 1692 941 1796 profectu
969 1719 1048 1770 cre·

228 1791 350 1870 scente
366 1792 517 1872 rationis
550 1793 688 1869 lumine
715 1796 832 1896 magis
863 1820 905 1872 ac
930 1796 1048 1897 magis

230 1891 450 1971 evidentiam
480 1890 724 1970 credibilitatis
758 1896 796 1969 in
824 1896 922 1970 notis
946 1915 1045 1970 veroe

229 1990 386 2068 ecclesi-u
404 1991 703 2089 deprehendant:
752 2018 940 2094 nunquam
964 1993 1048 2093 qui·

229 2090 315 2167 dem
334 2095 391 2168 via
409 2091 630 2170 anchoritatis
650 2090 788 2170 deserta
811 2145 821 2182 ,
859 2119 968 2194 quam
994 2117 1045 2173 eo

228 2194 347 2293 magis
377 2191 440 2269 fibi
467 2196 622 2292 quisque
667 2190 894 2271 necessariam
931 2219 948 2269 a
978 2218 1048 2270 no·

228 2286 323 2380 scer,
350 2316 428 2390 quo
451 2294 571 2369 minus
596 2288 785 2389 sapientia,
810 2294 848 2371 a
868 2316 933 2368 eru
961 2293 1046 2370 atio·

227 2392 284 2469 nis
298 2389 404 2467 sacrae
419 2415 590 2494 apparatu
613 2390 648 2468 se
665 2391 815 2490 simplex
827 2393 1042 2469 instructum

227 2489 355 2569 sentit(
396 2496 566 2569 Attamen
587 2491 808 2568 evidentiam
829 2491 1045 2570 credibilita·

228 2592 273 2668 tis
292 2589 435 2689 semper
450 2596 605 2692 quisque
620 2618 691 2694 pro
718 2590 834 2669 modo
852 2591 919 2667 suo
937 2595 1045 2668 inve·

226 2691 302 2767 niet
317 2692 474 2779 innotis,
493 2690 707 2769 videlicetin
719 2689 1043 2768 multitudinecre-

226 2791 405 2873 dentium,
430 2814 470 2865 ac
486 2792 650 2868 catholici
661 2793 818 2866 nominis
833 2788 1047 2887 amplitudi-

226 2911 286 2976 ne,
304 2885 484 2966 sanciitate
500 2892 768 2978 miraculorum,
789 2887 982 2978 dosirinac,
1001 2895 1043 2972 δι

228 3006 387 3077 eorum,
412 2993 477 3087 qui
504 3018 582 3066 eam
615 2990 819 3079 seiiantur,
853 2993 1043 3091 agnitione

151 3146 153 3153 .
227 3088 458 3191 impletarum
479 3093 757 3190 prophetiarum
792 3089 838 3167 de
862 3091 1043 3166 extensio·

226 3212 274 3266 ne
302 3187 474 3280 ecclesiae,
504 3194 542 3269 δι
572 3191 664 3266 flore
688 3192 726 3268 in
749 3210 832 3268 toto
854 3189 965 3277 orbe,
1001 3194 1038 3267 in

230 3285 448 3365 scrutatione
491 3291 703 3387 scripturae,
737 3289 1042 3393 pervestigatione

226 3386 887 3480 traditiortiseccicsiusticar,consensu
901 3393 950 3468 SS
974 3391 1040 3466 Pa·

230 3506 329 3565 mim
355 3490 419 3567 &c
476 3494 527 3566 Ut
548 3489 640 3565 adeo
658 3493 791 3585 cuique
815 3514 884 3589 pro
901 3494 1041 3567 ratione

221 3589 425 3680 capacitatis
439 3587 508 3665 surr
520 3588 561 3667 sit
575 3590 786 3691 perspectus
804 3616 844 3667 ac
853 3589 1043 3666 evidenter

224 3685 459 3769 ordinarer
475 3694 572 3770 notis
590 3691 662 3770 suis
681 3690 852 3771 articulus
866 3687 914 3766 de
931 3688 1047 3765 eccle·

918 3786 994 3869 sn.

510 4024 528 4059 0
