2302 4184
186 276 194 291 1

289 358 298 371 δ

165 462 633 578 iix'isrxioosis.
656 504 690 572 c.
711 496 765 574 iii.
822 524 905 603 577'

81 674 280 755 schismatis
309 671 535 759 ausioribus,
555 692 652 770 quos
672 688 777 768 putot
798 668 891 751 schi-

80 777 158 854 sma
176 800 253 852 non
268 771 386 850 fecisse
402 796 487 848 euni
507 771 659 853 occultis
673 770 838 849 fideiibus
852 776 892 852 io

83 876 160 978 ipsa
176 875 400 951 comunione
416 873 577 949 Romana
591 868 895 965 delitescentibus,
966 908 970 915 ·

82 979 161 1054 imo
178 999 264 1050 cuni
284 970 358 1072 ipsa
374 970 515 1049 eccieiii
540 971 704 1049 Romana
726 996 774 1049 eo
798 995 893 1049 teni·

82 1079 185 1178 poris
197 1071 355 1150 necdum
368 1093 489 1149 totum
509 1068 788 1147 fundamentum
807 1071 893 1151 sub-

83 1199 210 1253 rutum
242 1173 410 1250 habente.
474 1171 580 1274 Quin
617 1171 724 1248 etiam
751 1171 890 1251 licitam

83 1273 154 1351 eise
176 1272 256 1351 vult
277 1271 538 1370 separationem
563 1268 609 1348 ob
634 1270 776 1348 ecciefia
800 1272 892 1348 nnti-

84 1399 177 1474 qua,
209 1369 352 1450 extensi
376 1374 415 1452 δι
437 1369 585 1458 visibili,
610 1368 759 1469 eoquod
782 1370 891 1451 talem

83 1495 305 1573 conceptum
336 1472 485 1572 proprie
513 1469 667 1546 ecclesiae
691 1494 766 1547 non
788 1494 894 1547 com-

85 1596 210 1676 petere
227 1595 352 1673 putet,
370 1590 462 1661 ‚cum
485 1573 558 1649 nnti
585 1571 749 1647 uioribus
781 1573 892 1649 etiam

86 1673 315 1772 temporibus
340 1670 549 1770 frequentes
602 1668 787 1770 ejusmodi
811 1666 893 1748 fue·

85 1772 425 1874 n‘ntseparationes,
450 1772 527 1849 imo
548 1772 587 1847 in
605 1766 685 1871 ipso
698 1767 893 1865 ludaismo.

136 1909 217 1989 xil.
237 1908 326 1986 Hoc
365 1906 517 2010 syiiemn
550 1907 701 1988 extorsit
727 1906 947 2011 Juxioffl
965 1916 1078 1999 em

86 2006 190 2110 quod
199 2061 211 2101 ,
227 2030 269 2086 ut
283 2031 383 2086 antea
402 2008 580 2095 diximus,
603 2007 828 2108 apertiiiimis
844 2007 896 2086 sa·
911 2031 1007 2082 nini.

85 2133 158 2186 crae
176 2106 362 2205 scripturae
382 2106 539 2180 textibus
560 2104 669 2183 fuerit
691 2105 896 2200 convisius,
929 2125 932 2131 “

86 2207 267 2284 ecclesiam
285 2207 322 2280 in
340 2205 429 2279 orbe
444 2221 618 2281 terrarum
641 2204 823 2280 extensam
842 2204 907 2282 es..

86 2306 124 2383 se
157 2295 289 2380 debere
315 2328 324 2377 ε
353 2279 496 2400 qusem
520 2324 605 2378 cum
629 2321 763 2403 praetcr
784 2304 899 2379 eccle-

87 2405 173 2483 fiam
191 2405 392 2480 Romanam
424 2399 557 2477 nullam
582 2397 771 2479 invenisset
795 2424 897 2481 exte·
950 2432 954 2439 ·

86 2508 187 2583 riore
210 2504 354 2579 unitatis
370 2501 516 2578 vinculo
531 2501 790 2591 consociatam,
807 2500 898 2580 inte·

88 2608 225 2683 rioreni
243 2605 279 2679 in
298 2600 364 2677 suo
385 2602 535 2677 cerebro
547 2596 687 2678 effinxit
702 2600 899 2694 ecclesiam,

86 2729 171 2804 quae
181 2703 353 2804 nuspiam
366 2698 417 2776 est
439 2729 449 2775 z
476 2698 583 2778 necsi
603 2694 689 2778 esset
703 2724 814 2790 ,exere
832 2724 894 2779 ec·

89 2802 188 2881 ciesia
209 2801 279 2879 dici
296 2795 413 2902 posset
432 2804 623 2877 communi
650 2798 774 2889 sensu,
796 2822 898 2880 acu·

88 2904 151 2992 su,
177 2901 330 3019 ipsoque
356 2923 485 3004 etymo
512 2900 719 2979 societatem
742 2900 901 2998 aliquam

52 3004 56 3012 ’
90 3020 309 3079 exteriorem
326 3003 433 3078 etiam
450 3003 714 3077 communione
732 2999 797 3077 sibi
816 3003 900 3102 jun-

91 3101 185 3178 siam
217 3096 297 3177 satis
318 3098 596 3180 demonstrante.
664 3101 790 3198 Quam
819 3106 901 3181 not't

90 3200 209 3277 solum
220 3200 414 3290 unitatem,
432 3190 491 3274 sed
508 3202 616 3277 etiam
632 3220 798 3277 centrum
813 3202 905 3295 uuio¹

90 3304 172 3379 tatis
190 3297 325 3376 visibile
344 3292 591 3397 antiquiffimis
617 3319 691 3377 teni
721 3300 846 3379 oribus
860 3324 900 3395 a,

90 3403 229 3518 gnitum
256 3416 364 3572 atpue
380 3399 469 3474 tanti
498 3395 655 3478 habitam
684 3324 900 3487 ssimumu't

89 3500 184 3575 iliius
213 3520 284 3575 con
301 3495 471 3575 ervandae
512 3495 696 3575 summum
738 3496 855 3575 studia

90 3598 233 3701 semper
254 3594 295 3674 sit
315 3595 500 3686 bibitum,
531 3616 574 3675 ut
581 3596 724 3707 {iocent
749 3596 805 3675 ilia
822 3600 861 3696 ip
877 3620 933 3679 o..

89 3697 284 3802 exempla,
304 3720 389 3800 quoe
417 3694 642 3878 Jbgiv'ssiii
673 3699 898 3879 congififarium
965 3713 970 3725 '

515 3819 543 3877 0
788 3817 858 3877 est·
