2302 4184
21 256 25 263 '
118 262 124 279 Ι
174 274 178 279 .
256 266 262 277 ι
292 9 322 279 ΙΙ·
347 9 419 275 ΙΙΙι
451 260 459 267 “
1099 9 1149 259 Ι

298 282 322 297 ι’
365 292 373 307 Ι
404 292 408 299 ,
475 292 482 297 ,
602 286 605 291 .

289 314 299 327 ι
383 318 387 325 .

92 355 98 369 ⁸

93 404 97 411 ι

278 502 345 645 σε.
450 508 521 575 ω.
547 508 920 573 nruorsrnnrto

330 674 451 749 ntem,
490 680 567 733 non
583 679 816 758 corpoream,
833 653 1086 735 indivisibisent

298 780 430 835 ncorru
457 756 593 833 tibisem
605 806 626 869 Ι,
660 759 699 835 dt
720 756 877 857 denique
897 754 1086 834 immorta-

280 856 399 935 iem'e
427 881 473 943 e,
517 858 601 954 quia
624 850 711 931 nihil
741 857 929 957 corrumpi
953 852 1086 957 potest,

278 956 346 1035 nisi
364 979 429 1055 per
443 952 711 1056 separationem.
761 952 1086 1033 Islusubstuntiau-

277 1057 380 1152 tique
396 1052 585 1131 deteriorls
600 1054 821 1131 conditionis
839 1078 915 1131 nou
928 1051 978 1131 est
992 1106 1005 1142 ,
1019 1051 1083 1130 sed

279 1154 401 1231 musto
414 1150 677 1230 excellentioris
698 1154 806 1232 rebus
826 1153 922 1243 aliis,
959 1177 1085 1233 retunt

279 1276 404 1331 autern
421 1250 578 1329 essentiae
601 1250 683 1329 sunt
697 1252 1006 1354 incorruptibiles,
1043 1277 1087 1330 ac

278 1350 424 1453 semper
445 1374 608 1430 manent:
634 1373 676 1428 ut
704 1376 789 1451 quae
809 1378 829 1429 a
846 1352 924 1429 solo
952 1351 1087 1433 DEO

274 1456 407 1539 'ereatae
420 1452 1086 1551 percontinuationernvirtutisctean·

279 1550 320 1628 di
340 1552 446 1647 unice
475 1548 758 1639 conserventur,
813 1575 932 1650 neque
950 1548 1086 1653 poffint

278 1648 441 1729 desinere
455 1647 706 1741 inexistendo,
721 1649 872 1728 durante
888 1646 944 1728 illa
960 1673 1085 1727 crean-

277 1742 400 1828 divi:
424 1773 508 1849 quae
526 1774 611 1826 cunt
637 1748 746 1830 DEO
768 1748 836 1827 soli
858 1752 1006 1851 propria
1030 1748 1084 1837 fit,

277 1846 340 1949 (ut
355 1851 527 1926 nimirum
548 1872 594 1926 ex
613 1846 727 1925 nihilo
751 1847 884 2024 elipuid
905 1848 1088 1951 proferat)

276 1948 357 2051 ejus
370 1950 476 2026 etiam
493 1950 770 2049 omnipotentiae
812 1950 906 2026 osius
931 1947 983 2024 eil
1005 1970 1085 2025 rent

277 2046 323 2127 ad
345 2046 499 2125 nihilum
519 2047 702 2128 reducere.
750 2050 766 2125 1
796 2048 1014 2126 'turnonnisi
1032 2069 1088 2125 te-

277 2172 379 2225 mere
405 2146 481 2227 talis
514 2146 720 2226 annihilatio
778 2174 823 2224 ne
844 2147 1003 2225 evidenti
1021 2169 1086 2223 ex-

306 2248 454 2325 erientia
480 2245 698 2349 supponitur
721 2246 920 2349 praesertim
953 2250 993 2324 in
1013 2271 1085 2324 no-

277 2270 440 2423 Kiliffirna
452 2368 611 2424 creatura
625 2347 740 2445 qualis
761 2344 950 2439 anitnaest,
972 2370 1085 2446 quant

279 2468 432 2544 nequer
447 2444 555 2525 DEO
574 2444 643 2523 esse
666 2444 936 2524 annihilandum
947 2445 1088 2547 praesu·

279 2544 457 2622 mendum
474 2544 545 2639 est;
579 2570 685 2635 cum,
705 2546 807 2623 sicuti
820 2564 924 2622 more
944 2544 1086 2625 annihi-

278 2642 366 2723 latio
381 2666 580 2746 cotporurn
600 2668 677 2720 non
699 2644 779 2738 est,
816 2643 879 2721 sed
907 2642 944 2721 se
971 2647 1085 2723 antio

279 2741 398 2820 solum
417 2744 460 2819 ab
476 2744 610 2833 anima,
630 2744 851 2823 &resolutio
866 2743 904 2819 in
957 2768 1085 2820 ernen-

279 2862 336 2936 ta,·
357 2842 404 2918 ita
417 2864 485 2916 nec
509 2865 610 2919 motu
632 2844 840 2921 annihilatio
866 2844 994 2920 animae
1009 2840 1084 2922 dici

278 2938 408 3117 ppffit,
433 2938 494 3017 sed
526 2939 644 3018 solum
671 2940 885 3044 seiunsiioa
913 2964 1082 3043 corpore.

320 3055 338 3113 t
356 3057 545 3117 revertunt
557 3040 672 3143 pulvis
687 3045 724 3119 in
738 3038 977 3218 emarnEfuam
995 3041 1085 3120 unde

279 3154 373 3227 erat,
397 3143 441 3229 εἴ
454 3134 599 3243 spiritur
612 3140 724 3218 redeat
740 3137 788 3217 ad
801 3144 842 3217 D
890 3140 932 3221 U
933 3142 981 3217 M
985 3191 996 3230 ,
1023 3146 1086 3245 qui

279 3234 373 3313 dedit
390 3237 494 3317 illum.
544 3243 644 3343 Qrae
672 3242 794 3319 omnia
831 3266 902 3318 nos
925 3237 1085 3322 solicitos

279 3334 433 3415 reddere
448 3337 581 3417 debent
606 3337 792 3430 denseta,
811 3337 1084 3443 posthanc,vi-

279 3455 334 3525 ru,
352 3435 470 3537 deque
485 3436 574 3516 statu
594 3442 722 3515 animae
735 3437 817 3541 post
835 3461 1008 3518 mortem.
1034 3438 1085 3520 Et

279 3554 366 3609 curn
382 3534 455 3635 ipsa
475 3539 591 3613 anima
608 3534 653 3613 de
667 3536 1085 3621 rationestatusilliustt·

277 3652 376 3731 cert,
395 3634 535 3716 rDEO
551 3632 602 3715 esi
620 3636 867 3741 inquirendus.

249 3756 252 3763 ’
909 3757 1061 3841 woe-
