2302 4184
431 349 443 371 ,
926 336 929 341 ,

132 544 139 555 ’
188 538 608 610 'rarasrraaoaan
633 532 741 611 nim.
783 530 897 630 ⁶71<

81 712 153 776 eos
166 695 431 797 apostatarunt:
454 718 563 797 atque
579 697 689 773 etiam
704 717 771 795 per
786 693 899 799 synon
966 704 971 725 “

82 795 156 876 dus
189 797 269 876 suas
294 799 505 875 renunciare
538 818 674 899 cogant
691 799 898 896 cuicunque

83 898 93 909 ’
138 896 252 974 testati
291 899 330 975 in
361 895 506 975 eccleiia
540 898 706 975 Romana
725 918 894 997 accepte.

81 920 235 1076 geum
254 999 292 1074 in
310 996 483 1076 sententia
504 1022 547 1074 ac
562 997 748 1099 principiis
765 1020 900 1076 eorum

83 1095 205 1176 miffio
226 1122 269 1174 ac
297 1097 479 1176 ordinatio
512 1095 586 1174 fine
613 1096 834 1187 munsture,
859 1101 900 1179 δι

83 1216 321 1374 ¹gennaueute
346 1197 585 1276 sacramentali
612 1196 789 1298 potestate
814 1222 900 1299 per-

113 1300 254 1387 ciatur',
307 1297 504 1397 quomodo
539 1318 743 1400 potuerunt
777 1296 900 1375 dicere

74 1397 338 1491 ⁴nudioritutem
377 1399 517 1477 illama
545 1397 652 1479 nobis
686 1393 900 1499 accepisse?

86 1495 977 1598 qmmmwmmffi-

87 1596 192 1676 autfi
209 1595 421 1687 habuimus,
443 1598 512 1677 iilis
529 1621 607 1674 non
624 1594 815 1695 dedimus,
838 1614 902 1676 aut

87 1692 115 1773 fi
137 1696 181 1773 ali
209 1694 524 1788 uando-dedimus,
540 1701 675 1775 iterum
691 1696 904 1777 abstulimus

87 1722 355 1874 discedentibus
372 1820 392 1877 a
409 1798 537 1889 nobis,
561 1819 624 1873 aut
642 1794 723 1900 ipsu
740 1798 838 1874 Fadio
859 1818 903 1877 eu
1024 1872 1031 1894 ,

87 1894 173 1974 sunt
186 1895 354 1999 privati?
391 1897 508 1995 quue
521 1894 648 1979 stando
665 1917 739 1974 tam
753 1895 900 1982 nostris,

87 2020 200 2097 quam
219 1994 292 2071 suia
317 1997 507 2095 principiis
528 2022 539 2071 a
585 1998 623 2078 in
652 1996 785 2076 nostris
801 1995 903 2074 enim
1029 2032 1036 2051 ·

75 2097 295 2198 principiis,
321 2094 386 2187 qui
408 2090 589 2170 haereseos
609 2098 661 2173 rei
674 2117 833 2195 aguntur
849 2090 906 2171 sa·
993 2098 999 2111 '

88 2193 279 2278 cerdooes,
302 2190 385 2267 licet
404 2191 646 2275 chararicum
672 2192 904 2272 sacramenta·
966 2248 968 2253 ,

88 2293 164 2371 lem
182 2293 377 2378 retineant,
402 2291 461 2390 jus
479 2311 600 2369 tamen
623 2314 664 2369 ac
686 2291 906 2389 potestatem

88 2388 283 2471 exercendi
296 2389 493 2469 amittunt:
519 2388 624 2489 quod
645 2390 764 2474 multo
790 2390 907 2493 magia

91 2493 131 2573 in
152 2491 311 2592 propriis
329 2488 401 2566 suis
418 2491 604 2591 principiis
612 2492 805 2591 contingit.
828 2493 907 2567 Aut

90 2614 185 2697 ergo
207 2614 276 2666 nos
293 2587 360 2667 iliis
376 2587 502 2666 furnus
518 2589 700 2681 haeretici,
722 2594 839 2676 &nos
847 2591 907 2689 jus

92 2687 373 2789 &potestatem
403 2688 499 2770 illam
525 2689 596 2766 'am
616 2688 819 2781 amifimus‚
845 2708 909 2770 aut

94 2790 259 2879 illisum,
281 2790 319 2869 dr
338 2714 642 2870 hincamiderunt.
691 2790 771 2888 Jam
781 2788 911 2869 statua·

93 2915 180 2970 mus
197 2914 286 2967 cum
305 2888 375 2969 FF.
393 2887 701 2993 Wallcnburgicis
752 2888 828 2967 uod
844 2912 910 2968 ne·

94 2987 244 3068 cessario
270 2985 519 3069 statuendum:
544 2989 608 3069 Vel
637 2989 764 3067 ecclem
784 2989 910 3065 Runa-

96 3114 143 3170 na
172 3104 338 3190 tmepore·
380 3090 526 3167 imarum
545 3109 807 3168 acaemetarum
829 3087 912 3190 fuir

95 3187 266 3281 heretica,
295 3210 337 3268 ue
378 3191 483 3289 primi
516 3213 553 3267 re
569 3209 751 3273 armaturas
761 3187 912 3291 fimat

82 3288 262 3371 'baetim
295 3282 340 3389 st
349 3284 476 3387 ecclelia
495 3288 648 3369 Karnana
660 3287 828 3391 tuncfiait
847 3285 913 3364 ha-

96 3392 222 3476 retica,
248 3384 400 3488 nonfuit
415 3412 496 3465 vera
514 3386 651 3492 ecciesta,
665 3387 913 3469 necmembrum

96 3514 181 3568 vera
197 3483 347 3590 ecciestae,
368 3511 427 3563 nec
451 3484 567 3567 haban
586 3490 777 3595 potestatem
794 3491 837 3580 [r
850 3509 915 3562 aa·

98 3589 288 3668 duriorem
314 3584 448 3665 recudi
471 3586 654 3691 ecclesiam:
686 3582 915 3697 consequenter

100 3714 161 3771 nec
176 3713 247 3767 eam
265 3611 457 3794 patefierent
469 3693 584 3792 potuit
600 3693 640 3773 in
658 3693 791 3797 prims
805 3685 916 3792 rasur-

757 3806 867 3873 mutu·
998 3809 1002 3817 ’
