2302 4184
228 458 355 519 vm
377 458 675 519 RELIG'IOIHS.
696 464 721 519 c
741 463 790 525 n.
861 464 910 537 2!

48 680 51 741 l

48 748 51 799 Ι

48 558 52 627 Ι
109 606 291 709 potuerit,
309 601 432 681 multo
457 604 579 683 minus
602 605 917 705 comprehendere
1051 682 1055 691 .

110 706 203 783 valet
227 704 445 782 infinitatem
459 728 582 781 rerum
596 704 660 783 libi
676 705 819 808 semper
839 707 919 784 suc⁴

48 862 50 869 ·
108 804 340 895 cedentium,
361 828 474 903 qunm
504 828 691 904 nunquam
708 811 784 887 Sat
799 830 919 889 noso

133 906 309 996 robavir,
332 902 423 981 sicut
449 929 518 980 nec
538 908 729 985 creationis
750 907 801 983 im
830 904 920 985 offr-

131 1008 297 1099 'iratem3
323 1004 511 1104 atquealio
534 1002 581 1080 de
602 1030 728 1085 rerum
752 1009 792 1108 ip
808 1030 917 1087 arum

108 1128 227 1183 notura
262 1104 377 1183 multa
405 1101 556 1182 absurda
580 1109 743 1203 precario
769 1107 843 1183 fine
866 1133 912 1185 o-

107 1208 176 1280 mni
191 1205 412 1304 probatione
434 1203 555 1283 sumit.
568 1204 624 1301 (a)
655 1208 755 1287 Dum
765 1208 912 1285 interim
990 1223 1024 1283 r.

107 1326 265 1383 renuam
286 1328 515 1382 maturantem
540 1329 625 1382 curn
651 1327 776 1385 natura
805 1329 911 1383 natu-

106 1426 170 1483 nta
185 1402 422 1483 confitndens
440 1402 583 1483 fatalem
601 1405 839 1485 neceffitctem
855 1408 910 1483 in-

105 1504 177 1582 tulit
192 1502 358 1581 libertate
370 1504 527 1583 humana
543 1502 678 1585 sublata
694 1558 706 1596 ,
728 1529 837 1605 atque
851 1532 913 1583 te-

103 1626 179 1681 rum
193 1606 377 1704 principio
395 1607 504 1682 rebus
525 1604 609 1706 ipsis
637 1604 744 1686 inlito
767 1608 806 1683 in
832 1628 914 1685 tan-
1026 1666 1034 1681 .

103 1720 270 1781 urerum
289 1702 481 1796 varietate,
514 1730 555 1782 ac
574 1703 774 1803 praesertim
794 1704 908 1784 nelio-

101 1826 185 1880 num
201 1802 447 1881 humanarum
464 1803 687 1897 diverfitate,
710 1808 910 1883 contrarie·

99 1919 262 2003 utrque,
286 1927 373 2001 qnae
393 1900 464 1981 elle
488 1901 654 1981 eusdem
676 1907 808 1983 mentis
821 1930 909 1983 mo·

97 2000 321 2080 dilicationes
342 2002 485 2081 absurdi
513 2029 586 2080 rme
617 2003 806 2083 admittere
820 2074 824 2081 .
838 2004 906 2083 de-

49 2152 52 2161 ι
96 2099 190 2194 buit,
215 2102 387 2200 tollitque
410 2129 486 2181 non
504 2105 622 2183 solum
637 2105 854 2183 moralitates
867 2132 904 2185 n·

92 2199 219 2278 sinum
237 2206 395 2293 mentis,
429 2204 489 2281 sed
516 2206 623 2282 etiam
645 2204 905 2282 contradistio·

91 2324 158 2379 nes
199 2301 322 2379 eidem
345 2302 449 2379 fimnl
513 2306 668 2405 tincipio
701 2302 902 2383 adscribere

88 2402 331 2503 compellitur.
395 2401 466 2481 Sed
484 2327 562 2481 laec
598 2403 718 2478 obiter
747 2424 903 2497 tantum,

89 2525 177 2577 cnm
194 2501 242 2581 ad
259 2505 440 2581 intentum
460 2528 586 2581 meum
603 2500 699 2581 disia
713 2498 899 2585 sufficiant.

133 2654 186 2733 V.
207 2651 314 2729 Nihil
333 2652 443 2755 igitur
465 2653 519 2731 isti
534 2654 701 2743 afferunt,
740 2679 799 2732 uae
817 2654 899 2758 poll
915 2672 961 2737 Ex
983 2673 1070 2740 rebus

85 2750 154 2830 stnt
192 2750 412 2855 prudentem
449 2750 641 2832 hominem
676 2679 855 2832 abducere
879 2757 1002 2853 abuius
1018 2760 1081 2821 uni.

85 2848 317 2952 persuafione
339 2848 534 2932 firmillima
555 2881 595 2932 ac
620 2852 807 2935 necessaria
825 2858 898 2932 cxi·
916 2844 1008 2911 Μ’
1031 2862 1081 2903 ²⁰·

86 2950 212 3029 stentis
235 2953 291 3029 vis
307 2950 442 3028 divinae
460 2977 559 3032 extra
569 2954 688 3055 ipsum
705 2980 899 3033 rerumor·
918 2942 1039 3067 2232?
1049 3008 1079 3068 ἃ

85 3048 213 3128 dinem
232 3104 244 3138 ,
269 3053 334 3149 qui
348 3073 467 3130 tamen
490 3051 677 3131 strandoe
696 3052 899 3155 sapientillt-
918 3051 1030 3149 finibus’

84 3175 168 3228 mus
182 3204 194 3242 ‚
209 3153 260 3230 ,δι
275 3150 611 3254 intelligentillimus
625 3152 733 3253 hujus
750 3156 897 3231 univer--
916 3170 1001 3232 utus
1025 3168 1072 3232 de

83 3248 140 3341 fi,
174 3254 213 3327 in
240 3275 321 3349 quo
340 3251 377 3328 se
409 3250 593 3355 instgniter
609 3250 896 3331 'manifestaverit
914 3252 1049 3314 monstra.

83 3351 371 3454 intelligentibus
404 3355 601 3441 creaturis,
651 3354 716 3452 qui
739 3353 895 3455 glorIam
914 3351 972 3401 1¹⁸¹·

82 3452 160 3554 ejus
190 3449 394 3559 agnoscere
418 3454 455 3534 dr
479 3449 721 3556 depraedicare
744 3473 897 3550 queunt.

454 3553 486 3633 B
502 3577 529 3650 4
701 3552 847 3666 Qtem·

87 3757 128 3843 (r)
138 3762 257 3831 Videat.
272 3756 386 3827 christ
402 3756 478 3823 Wo
489 3778 508 3820 n
519 3778 562 3822 tr
586 3756 617 3824 P.
629 3756 667 3824 11.
679 3753 785 3823 tunt
802 3764 897 3819 natur.

1109 3846 1138 4005 l
