2302 4184
145 524 296 592 veura
328 522 607 589 recreatu
632 524 770 591 extr.
817 538 894 623 465

80 694 148 774 tim
161 686 287 791 ecclefia
295 707 370 765 tum
379 692 549 791 praecptis
563 708 638 765 tum
651 690 798 769 moribus
804 708 891 795 pm.

83 788 350 895 etmsinssmua
366 788 522 865 catorum
536 815 676 893 reguum
688 790 889 885 habebimus,

84 900 129 985 fif
143 889 332 970 hereditate
351 889 570 995 adipafcemur
590 896 700 967 uitam
721 913 906 975 aemma.-

130 995 195 1069 lv,
205 984 408 1068 Adeundus
423 988 473 1064 est
488 992 521 1066 S.
540 989 575 1067 C
588 1016 640 1065 ru
655 1017 665 1064 ι
680 1018 698 1066 r
712 1018 732 1067 r
746 1018 816 1081 us,
838 1017 890 1071 at·
902 1036 1042 1119 3th

81 1118 159 1193 que
180 1094 320 1191 integra
340 1090 499 1190 symboli
521 1090 714 1187 explicatio
741 1094 786 1169 ab
809 1095 889 1195 ipso
902 1126 933 1185 iu
964 1126 1071 1202 quibua

81 1189 302 1278 haurienda,
327 1213 437 1289 quam
451 1190 508 1265 ille
523 1188 609 1268 fecit
628 1218 669 1267 ea
687 1190 761 1291 ipsa
777 1195 814 1267 in
831 1220 886 1271 ee
900 1226 1012 1270 conve-

82 1288 715 1389 clesra,Hierosolymitauanimirum
723 1294 892 1369 omnium
904 1291 997 1387 utam,
1019 1308 1057 1355 aa

85 1389 345 1489 auriquiffima‚
372 1390 410 1463 in
431 1414 504 1487 qua
522 1393 630 1465 etiam
653 1390 891 1487 apostolicum
905 1371 1010 1435 desere.

83 1488 296 1594 symbolum
319 1490 578 1565 concinnatum
611 1472 984 1589 etse.c1·euuur.¹'‘¹'²¹

87 1592 182 1671 Non
200 1591 354 1665 omuino
368 1593 543 1665 convenit
555 1590 705 1687 quidem
717 1618 803 1669 cum
818 1594 894 1685 uto,

87 1688 192 1792 quod
216 1690 254 1765 in
269 1686 457 1765 occidente
472 1700 493 1777 ,⁶
512 1688 713 1787 praesertim
730 1694 894 1775 Romanu

88 1788 253 1878 ecclefia,
274 1812 343 1888 pto
354 1786 553 1890 apostolico
569 1788 792 1867 tradebatur:
806 1818 898 1891 pro·

87 1895 173 1994 pius
187 1912 308 1967 aurem
324 1886 596 1988 conspiratcum
608 1915 669 1979 eo,
678 1890 780 1987 quod
791 1892 897 1970 Cou-

89 1988 327 2088 stantiuopoli
364 1988 487 2085 postea
525 1992 562 2063 iu
606 1989 765 2067 secundo
790 2016 895 2069 oecu·

91 2092 239 2166 menico
265 2089 421 2163 concilio
447 2087 516 2161 fuit
545 2090 777 2177 coufeiium,
801 2116 897 2191 proe·

89 2189 227 2265 fidente
244 2211 330 2261 cum
360 2188 435 2261 aliis
467 2186 540 2261 hoc
567 2185 647 2285 ipso
674 2188 899 2267 Crurruo

89 2287 442 2386 Hierosolymorum
465 2308 552 2359 tuuc
571 2286 773 2386 episcopo:
811 2314 898 2363 cum

74 2386 291 2465 'catecheses
308 2383 386 2459 suas
402 2385 466 2458 diu
485 2407 597 2473 aute,
630 2384 720 2459 dum
741 2384 900 2463 necdum

93 2484 179 2565 effer
195 2484 412 2587 episcopus,
426 2486 589 2560 habuerit
607 2509 676 2582 pro
694 2484 899 2561 iniiruilio·

94 2612 142 2663 ne
155 2584 501 2662 catechumenorum
517 2586 618 2659 brevi
630 2585 900 2662 initiandommt

93 2688 158 2767 ubi
178 2685 419 2785 pulcherrime
442 2682 543 2759 hunc
567 2684 613 2759 de
628 2684 771 2761 ecclesra
788 2686 901 2787 expli·

94 2808 150 2863 cat
170 2786 392 2874 articulum,
425 2785 462 2859 in
485 2808 562 2882 quo
585 2788 709 2861 omnia
736 2784 902 2887 symbola

95 2907 169 2962 tam
189 2887 359 2971 orientis,
385 2906 495 2980 quam
511 2884 713 2961 occidentis
742 2890 779 2959 in
805 2884 903 2963 nulla

95 2987 217 3063 aliare
237 2983 466 3081 discrepant,
521 3008 631 3081 quam
662 2985 764 3081 quod
785 3004 903 3061 unum

96 3086 219 3188 plures
231 3109 306 3186 prrc
322 3080 391 3158 alio
406 3106 510 3161 notas
527 3078 658 3161 afferat.
681 3080 902 3185 Quieorum

95 3184 328 3265 collationem
364 3180 478 3258 videti
520 3186 621 3283 cupit
661 3207 706 3257 ex
748 3188 906 3282 antiquis

96 3284 374 3373 Rurrruuu,
411 3304 457 3356 ex
484 3276 744 3361 recentioribus
764 3278 909 3359 Gerardt'

98 3381 332 3561 galuVossr
348 3410 358 3455 1
376 3378 463 3460 Diff.
482 3382 512 3458 Ι.
532 3388 585 3473 (a)
603 3384 649 3457 de
670 3384 782 3458 tribus
806 3381 904 3483 sym·
976 3412 1008 3475 ο,

127 3484 194 3559 olis
207 3478 333 3572 adeat,
360 3480 423 3556 ubi
441 3505 559 3556 tumen
576 3480 773 3579 majorem,
793 3507 906 3579 quam

99 3610 164 3688 par
182 3581 261 3673 est,
287 3579 393 3682 fingit
420 3578 662 3658 diversitatem
693 3585 787 3659 iuter
806 3581 906 3681 sym-

475 3680 515 3756 G
535 3704 563 3783 g
799 3674 886 3799 b⁰¹i

191 3836 241 3919 (a)
276 3828 335 3904 Th.
348 3852 397 3904 tr.
