2302 4184
359 344 447 381 :9
620 344 624 351 .
791 344 794 349 .
1022 354 1031 367 κ

252 494 305 575 ‚o
356 536 360 541 -
385 516 389 545 2
412 496 500 589 ut.
524 458 921 597 naunouarnarto,

119 727 125 731 ,
235 637 387 728 setam.
428 638 466 717 A
487 638 700 747 quibua,
730 664 817 740 quar
847 665 918 719 nos
932 640 1059 741 quoti·

254 738 318 819 die
343 741 382 817 in
402 737 592 819 christiano
621 738 712 816 orbe
733 738 912 840 completa
943 744 1058 818 cerni-

255 864 357 929 mus,
378 860 480 919 tanto
492 860 575 917 aute
590 837 761 942 praedieia
774 836 896 929 suun·
913 861 986 918 tarn
1004 840 1059 917 di«

254 936 417 1018 incide&
429 960 570 1039 aperte,
590 960 632 1014 ut
647 937 869 1039 quandoque
883 962 950 1016 nec
966 962 1057 1017 tern-

63 1132 68 1141 .
123 1101 131 1109 .
186 1078 205 1097 „
252 1063 363 1217 ἔστι,
386 1062 456 1114 nec
473 1036 573 1128 ioca,
597 1062 667 1113 nec
690 1038 862 1139 personas
887 1060 1054 1121 tacerent.

308 1136 443 1238 quibus
471 1137 645 1215 omuibus
673 1161 772 1215 nune
800 1163 1002 1242 perpartes
1018 1164 1056 1216 a·

300 1259 402 1317 muer
442 1260 539 1313 nunc
564 1258 685 1314 aurem
712 1238 824 1314 veluti
859 1242 912 1331 in,
927 1263 1056 1343 pugno

281 1339 314 1413 ‘c
327 1335 497 1439 ponenda
513 1334 681 1423 fuerunt,
706 1357 748 1412 ur
765 1338 928 1437 superius
954 1364 973 1416 a
991 1363 1057 1414 no

252 1436 309 1529 bis
328 1435 501 1535 explicata
518 1437 610 1513 ratio
628 1432 853 1526 claresceret,
881 1441 1056 1514 nimirum

175 1629 180 1640 Ι
251 1560 349 1627 eos,
383 1538 449 1636 qui
471 1558 533 1614 aut
549 1559 673 1611 veratn
697 1535 910 1635 religionem
930 1536 1058 1614 descri-

251 1633 424 1738 pserunt,
445 1633 703 1713 ac-fundarunt
724 1631 846 1711 divina
863 1636 1058 1714 aueiorita·

252 1756 311 1825 te,
331 1757 394 1815 aut
403 1738 469 1836 qui
484 1756 620 1812 coetutn
635 1730 914 1823 constituerunt,
931 1738 1058 1833 inquo

250 1837 373 1939 viguit
395 1859 481 1912 vera
497 1833 560 1910 reli
589 1835 654 1921 ‘o‚
676 1830 778 1910 fuiiie
791 1858 810 1910 a
824 1833 932 1911 DEO
951 1836 1057 1912 nobis

251 1934 451 2012 declaratos
478 1958 545 2034 per
574 1957 659 2035 rgna
672 1930 873 2021 evidentia,
888 1957 972 2030 quae
990 1959 1056 2008 no-

251 2029 312 2121 bis,
325 2030 437 2111 ess'ent
450 2034 589 2109 motiva
604 2030 856 2121 credibiliratis,
869 2035 958 2130 quin
974 2030 1056 2107 scri-

243 2128 370 2237 'pturae
399 2130 487 2235 ipsae
510 2129 634 2231 suapte
661 2129 886 2208 divinitatem
923 2129 1057 2223 prode--

229 2237 366 2311 'tenta
409 2256 487 2308 non
522 2227 625 2405 ‘Fmd
664 2232 809 2332 penitus
844 2229 1054 2329 hujusmodi

250 2332 351 2411 notis
382 2354 504 2407 carere
544 2332 595 2406 cri
623 2352 720 2407 ruras
740 2331 848 2407 etiam
866 2354 1055 2432 negemus3

249 2429 311 2510 sed
329 2428 432 2530 quod
453 2451 569 2530 pateat
586 2356 684 2516 iiius,
707 2428 840 2527 quibus
865 2430 1056 2507 concredi-

250 2552 286 2619 ra
306 2530 390 2608 sunt
407 2528 551 2628 doquia
583 2528 1055 2628 DE1,&nquibusnos

250 2632 472 2730 accipimus,
493 2624 785 2721 comitatafuiffe
799 2626 896 2735 signa
918 2626 1053 2703 divinoe

249 2729 511 2829 inspirationis:
536 2751 619 2824 quae
633 2725 863 2804 stcuteorum
882 2728 1054 2803 veracita-

156 2877 161 2903 .
247 2849 326 2907 tern
348 2825 566 2923 probarunt,
598 2826 646 2902 ita
667 2827 775 2903 etiarn
798 2826 954 2928 probant
978 2851 1054 2904 coe-

187 3012 189 3016 ⁴
247 2946 308 3006 tus
326 2925 418 3003 illius
444 2946 505 3002 aut
542 2922 701 3000 ecclefiae
722 2923 884 3002 divinam
909 2924 1054 3001 elefflo-

189 3101 192 3104 ,
246 3052 333 3116 nem
350 3027 388 3105 &
407 3025 635 3101 veracitatem
652 3027 691 3100 iu
719 3023 960 3126 proponenda
989 3049 1054 3100 ve-

246 3149 286 3202 ra
301 3121 469 3201 dosttina
481 3123 660 3213 revelata,
691 3144 733 3199 ur
754 3149 832 3201 non
851 3123 893 3202 stt
910 3146 1054 3201 tantum

173 3298 181 3304 ..
245 3224 415 3303 mulieris'
432 3219 540 3301 instar
560 3224 807 3314 Samaritanae,
838 3222 899 3300 sed
922 3248 1053 3300 vetum

244 3324 465 3428 principium
482 3320 591 3414 fidei,
621 3346 693 3422 qua
721 3323 843 3403 Duo
872 3321 1056 3402 credimus

246 3446 315 3525 per
330 3418 528 3514 ecclefium,
546 3444 609 3503 eut
625 3419 779 3503 ecclefiae
794 3419 1021 3503 fundatores.

805 3753 919 3840 cnr.
939 3693 1008 3837 nr.
