2302 4184
233 481 636 575 PsRASYNAGOGAS.
662 484 793 548 Mili.
841 485 917 565 727

98 646 298 734 pntequam
327 628 395 732 ipfi
419 626 491 707 hos
521 654 665 708 errores
700 630 916 734 proderent,

100 731 291 829 potuerint
320 727 601 831 quodammodo
628 731 801 811 excusari.
856 734 915 813 De

99 826 286 1003 &risque
301 831 400 907 enim
421 829 491 906 'am
505 829 725 910 accusatores
743 832 911 926 Hussttm

157 928 419 1021 icleffitae,Wa
433 930 578 1023 denses,
591 924 824 1048 Aibigenses‚
842 933 914 1011 Be-

99 1051 165 1125 ten
195 1030 258 1106 arii
283 1031 518 1130 praeiverunt.
572 1032 649 1108 Aut
674 1034 786 1134 igitur
803 1034 921 1112 nobis·

99 1124 126 1204 h
159 1212 163 1225 ἶ
205 1153 274 1206 nus
303 1127 455 1207 eandem
493 1128 718 1209 conservatae
755 1130 912 1212 ecclestae

98 1228 255 1407 filoriam
273 1226 357 1307 dare
374 1230 526 1321 debent,
544 1252 607 1309 aut
625 1231 825 1330 majoribus
841 1256 913 1311 no·

132 1329 179 1406 ris
200 1327 502 1408 reformationem
526 1326 820 1409 antecedentibus
848 1331 912 1410 de·

98 1450 200 1505 mere
220 1455 230 1504 ε
256 1427 293 1506 id
313 1428 365 1508 est
382 1432 434 1508 lar
461 1433 504 1507 iti
523 1429 664 1509 dudum
684 1429 827 1510 ecclesia
846 1457 914 1511 ve·

96 1550 137 1606 ra
158 1528 196 1607 δι
217 1525 407 1609 salvificae
437 1558 458 1608 e
485 1530 696 1608 destiturum
714 1530 913 1617 mundum,

94 1628 911 1833 tiss”ssssutessussssust

95 1827 220 1907 culum
253 1828 300 1908 de
337 1830 506 1912 ecclesias
540 1854 625 1907 cum
656 1850 777 1906 tamen
813 1829 910 1909 hanc

94 1928 204 2008 nobis
222 1929 312 2009 dent
334 1930 506 2023 laudem,
532 1926 636 2031 quod
667 1929 726 2005 vel
755 1928 910 2109 {pmiip-
957 1993 962 2012 .

46 2056 49 2063 ·
91 2024 182 2117 lum,
198 2033 349 2131 ejusque
360 2028 491 2117 fidem,
505 2054 572 2104 nec
590 2053 668 2106 non
687 2028 754 2106 dec
788 2022 909 2131 og'u'm

91 2126 280 2230 integrum
312 2126 659 2204 conservaverimus.
719 2131 907 2233 Quamvis

92 2221 168 2302 hoc
191 2227 324 2318 nobis,
356 2228 396 2307 δι
426 2250 525 2303 vetae
562 2224 717 2302 ecclefiae
754 2233 907 2306 minime

90 2323 273 2417 sufficiat,
341 2328 400 2403 cui
442 2322 639 2426 promissus
669 2325 722 2405 est
749 2328 908 2429 Spiritus

90 2424 233 2505 sanstus
261 2446 442 2504 aetemum
467 2422 679 2518 adfuturus,
705 2429 769 2525 qui
789 2425 905 2528 ipsam

89 2525 592 2605 doceatomnemveritatem.
633 2523 796 2626 Ipsique,
806 2551 906 2625 quos

87 2624 150 2719 hie
163 2628 446 2731 impugnamus,
474 2623 666 2703 adversarii
685 2625 844 2705 statuunt
863 2630 903 2707 &

87 2724 286 2805 admittunt
306 2724 488 2804 ecclesiam
504 2723 764 2817 confitentem,
792 2748 907 2826 atque

86 2826 126 2905 in
173 2826 341 2931 legitimo
392 2823 639 2903 subststentem
688 2824 907 2911 ministerio.

87 2925 208 3031 Qtod
233 2924 259 3002 fi
288 2926 336 3004 ita
367 2925 443 3014 est,
475 2923 622 3002 habebit
647 2925 720 3003 hoc
741 2924 901 3004 ministe-

84 3026 183 3105 rium
206 3021 420 3103 affistentem
445 3027 623 3125 Spiritum
653 3024 836 3124 sensium,
859 3029 902 3108 ἃ

85 3123 284 3205 docentem
304 3148 455 3203 omnem
473 3126 684 3214 veritatem,
701 3124 790 3203 ficut
808 3150 901 3226 pro-

85 3224 232 3307 miserat
250 3221 427 3304 Christus.
478 3222 526 3302 Et
553 3245 673 3304 tamen
703 3222 777 3302 hoc
793 3225 899 3303 mini-

84 3322 236 3405 sterium
256 3347 339 3402 ante
363 3323 665 3402 reformationem
703 3325 802 3427 juxta
836 3322 897 3402 ad-

83 3424 263 3505 versarios
280 3422 416 3505 multos
433 3420 563 3501 erasos
589 3423 717 3501 docuit
739 3447 898 3518 errores,

82 3527 152 3628 qui
170 3523 270 3606 forre
299 3523 552 3702 ignoranpbus
590 3544 732 3605 tantum
758 3523 897 3604 fuerint

500 3644 577 3722 ιο,
751 3646 843 3704 con·
