2302 4184
168 500 694 610 aiuasauacouaa'u.
716 500 796 603 ius·
824 522 898 635 573

81 708 241 811 quiritur
283 706 383 782 enim
419 700 465 781 ad
501 701 595 782 hauc
632 704 830 795 unitatem,
852 724 896 787 ut

81 800 300 886 communio
325 808 365 886 δι
391 804 542 883 societas
573 828 660 879 cum
690 828 732 881 ea
752 804 898 887 ecclesia

82 908 275 996 habeatur,
300 923 385 1004 quae
402 903 446 981 ab
463 902 652 1005 apostolia,
667 904 704 979 in
719 924 800 980 toto
820 926 895 983 ter-

84 1032 209 1087 rarum
226 1004 317 1081 orbe
342 1000 552 1096 constituta,
574 1006 612 1084 δι
628 1000 673 1081 ad
688 1026 757 1079 uos
778 1001 827 1079 us
846 1030 895 1085 ue

84 1106 137 1184 est
163 1129 280 1207 propa
327 1117 398 1180 ta:
428 1101 512 1181 alias
537 1126 725 1202 nunquam
743 1030 896 1185 semiana

83 1128 383 1287 fauumessiiiici
392 1196 519 1303 puiset.
534 1192 718 1281 Etfrustra
731 1200 895 1297 fuerunt,

84 1311 296 1408 quicunque
305 1326 351 1378 ex
365 1298 472 1377 omni
492 1320 715 1381 aevocoatta
729 1298 896 1405 ichiiina·

87 1428 124 1484 ta
141 1422 267 1481 exorta
286 1402 463 1479 calamum
483 1400 720 1480 strinxeruuta
750 1400 896 1503 iieuim

84 1502 237 1584 interior
270 1526 355 1607 cum
380 1494 538 1580 occultis
563 1502 602 1581 δι
625 1500 763 1603 ignotis
787 1526 897 1585 cum·

84 1606 215 1687 munio
233 1596 307 1681 sola
328 1598 532 1704 expetenda
560 1596 640 1691 est,
673 1598 766 1705 quid
797 1622 899 1709 upua

85 1702 158 1785 fuit
173 1704 345 1780 omnibus
375 1719 476 1778 retro
510 1722 586 1779 tem
614 1700 756 1779 uribus'
776 1722 899 1785 exter.

86 1824 172 1885 nam
197 1803 302 1882 tantis
328 1800 518 1879 conatibus
535 1728 732 1891 iniimere,
752 1824 825 1905 pru
852 1826 899 1880 u·

85 1923 217 2009 gnare,
237 1899 442 1987 restituere,
464 1896 560 1978 uuila
591 1926 753 2001 uuquam
773 1828 896 1983 haiim

85 2007 227 2085 ratione
245 2000 397 2079 occultae
417 1996 527 2095 hujus
540 2002 815 2082 communionis
829 2022 899 2082 no·

81 2108 182 2181 viter
196 2102 240 2178 ab
265 2096 521 2176 Novatoribus
550 2098 737 2191 confidite,
763 2098 809 2179 de
825 2118 900 2202 qua

87 2227 170 2282 ante
190 2198 287 2301 ipsos
301 2221 368 2271 nec
386 2193 604 2271 somniatum
624 2197 686 2272 est.
719 2198 898 2280 Schisma.

87 2305 151 2381 tici
159 2298 263 2376 omni
272 2316 438 2396 tempore
447 2293 496 2369 illi
507 2296 589 2369 suut
597 2291 721 2377 habiti,
739 2299 804 2394 qui
813 2323 898 2375 cor.

86 2426 160 2502 pus
178 2394 333 2475 ecclesia·
346 2386 619 2496 prosciderunt,
642 2394 682 2475 u
695 2394 741 2473 ab
754 2394 900 2479 ecelefia

87 2501 172 2579 sunt
193 2496 363 2600 separati:
393 2516 478 2569 cum
498 2494 609 2597 igitur
626 2492 693 2586 ilii,
744 2498 782 2573 ui
805 2494 899 2575 schi-

88 2601 164 2679 sma
182 2588 330 2696 aliquod
353 2590 539 2685 fecerunt,
567 2520 761 2695 aliquanaio

88 2701 164 2778 hoc
194 2696 347 2793 fecerint
381 2693 487 2786 (alias
516 2695 614 2771 enim
641 2720 707 2771 nec
727 2596 897 2796 juaiiacalaii:

88 2825 158 2879 nec
174 2798 217 2876 lis
232 2788 383 2885 intendi,
397 2816 423 2870 u
464 2813 528 2879 ote
544 2790 898 2969 ignotisfflotuiiie't)

92 2903 130 2980 &
149 2900 266 2975 unitas
287 2892 428 2971 ecclesa
461 2896 549 2971 'cau
590 2892 646 2971 his
660 2895 789 2971 talibus
802 2895 899 2972 sem-

91 3023 160 3105 per
174 3014 345 3094 tanquam
362 2992 511 3071 lacerata
536 2990 645 3070 fuerit
663 2990 808 3090 habita3
847 2992 900 3071 sea

90 3102 218 3201 quitur
249 3118 334 3185 eos,
365 3094 575 3193 quicunque
607 3090 837 3172 schismaticis
862 3095 900 3173 se

92 3193 287 3298 aliquando
317 3191 599 3298 opposuerunt,
640 3192 774 3270 nullam
793 3194 900 3271 aliam

91 3300 203 3399 hujus
220 3294 324 3372 vocis
345 3294 537 3370 notionem
559 3290 762 3381 attendiffe,
786 3312 900 3393 quam
936 3304 947 3347 ⁸

119 3422 176 3475 uae
203 3418 389 3497 apertam,
411 3394 449 3471 δι
470 3392 699 3494 propatulam
728 3392 772 3469 ab
786 3392 902 3471 eccle·

91 3427 140 3579 ia
174 3495 434 3596 separationem
468 3492 637 3573 involvit.
691 3493 788 3568 Hoec
809 3492 901 3570 ficut

91 3597 144 3677 est
160 3597 278 3672 nativa
292 3592 472 3682 ecclesia,
500 3596 547 3669 ita
562 3594 607 3669 ab
621 3593 795 3669 omnibus
815 3613 900 3669 ante

89 3699 331 3787 Novatotea,
359 3713 402 3771 ut
432 3690 599 3792 superius
637 3692 902 3797 probavimus,
968 3672 988 3719 ⁹

434 3793 475 3874 O
490 3814 565 3875 οι
752 3788 849 3872 setu-
1076 3788 1089 3869 i
