2302 4184
254 318 259 327 ι

319 332 324 342 ι

948 356 955 365 a

83 440 87 452 Ι

263 462 317 538 26
412 480 481 538 nt.
515 464 921 571 nautaoustnartoss

283 724 487 811 atexcitate.
535 721 607 799 Adi
636 725 919 803 th'unou'nn
951 725 1072 826 ipsum

291 846 344 899 aec
359 820 644 923 eloquentiffime
663 848 778 927 porto
795 824 1038 906 diducentem.

79 976 126 1045 Ex
149 977 241 1056 fingu-
313 958 379 1039 vt.
402 956 565 1060 Quodii
590 958 633 1034 ab
649 956 704 1034 his
720 956 915 1061 infignibus
940 955 1073 1035 mundi

20 1050 25 1067 '
78 1061 245 1160 anabusn·
264 1057 463 1158 operibus,
487 1080 691 1156 eorumque
708 1057 897 1136 harmonia
922 1056 968 1136 ad
991 1081 1072 1159 par-

78 1144 244 1240 b¹⁵ii¹⁰2
264 1157 428 1236 ticularos
464 1160 571 1235 etiam
601 1182 724 1233 rerum
757 1155 894 1258 species
915 1180 1072 1275 progre-

77 1225 242 1374 ἓξζωᾘω
262 1254 393 1348 diaria,
418 1281 495 1333 non
513 1259 635 1335 minus
650 1255 834 1334 manifesta
851 1256 986 1334 divtnae
997 1282 1073 1359 po·

75 1393 189 1460 stratur.
261 1358 412 1448 tentiae,
442 1354 695 1459 sapientiaeque
732 1358 900 1435 miracula
935 1356 1071 1438 videas.

261 1456 320 1536 Ac
341 1458 501 1559 primum
527 1458 569 1532 in
585 1455 791 1557 ingentibus
822 1456 997 1535 machinis
1031 1482 1064 1535 e.

258 1554 675 1735 gisoiimfiderumque,
694 1580 735 1633 ac
753 1556 987 1659 propioribus
998 1579 1071 1633 no·-

290 1655 512 1759 isplanetis,
558 1679 603 1730 ex
626 1656 758 1755 quibus
780 1656 954 1734 Saturnus
977 1678 1068 1754 qua·

260 1774 318 1835 ter
335 1755 488 1845 millies,
515 1754 656 1857 Jupiter
692 1754 805 1833 odies
820 1809 846 1843 ‚,
874 1755 928 1832 sol
947 1753 1070 1834 decies

220 1856 226 1867 ”
257 1855 389 1934 millies
419 1857 537 1957 major
557 1876 676 1931 tetta:
718 1854 851 1954 quibus
880 1853 908 1930 fi
933 1851 1067 1932 deinde

259 1956 468 2033 innumeras
493 1953 605 2031 stellas
632 1952 891 2055 magnitudinis
912 1952 1067 2031 summoe

258 2053 389 2146 addas,
435 2056 473 2134 dt
497 2053 521 2129 s
538 2055 650 2130 atium
673 2054 808 2152 quibus
839 2056 963 2132 omnia
983 2052 1065 2132 haec

260 2170 421 2253 ootp'ora
452 2152 491 2230 so
524 2155 670 2229 ineatur
691 2174 813 2230 mente
841 2150 973 2253 affequi
1002 2178 1068 2233 co·

257 2255 397 2345 netis,
415 2274 513 2331 extra
535 2275 571 2330 te
596 2253 790 2355 abtipietis
856 2255 893 2331 Si
913 2251 1067 2356 praeser·

255 2354 326 2430 tim
341 2354 378 2429 in
403 2354 564 2431 animum
579 2350 747 2444 inducas,
764 2351 896 2429 debere
912 2372 970 2430 tot
986 2352 1068 2429 stel-

255 2451 399 2544 larum,
416 2476 570 2550 quntum
584 2455 712 2555 ingens
728 2476 902 2529 numems
913 2476 992 2528 non
1003 2452 1066 2531 so·
1091 2538 1096 2546 ¹

255 2551 335 2629 lum
353 2552 469 2630 oculis
488 2574 549 2628 aut
565 2553 648 2641 vix,
666 2574 728 2628 aut
751 2576 828 2628 non
844 2548 952 2629 estas
971 2550 1065 2632 eda-

254 2650 365 2744 bilis,
390 2649 568 2729 fineseffe
589 2650 753 2726 occultos
778 2651 927 2754 sapienti
955 2674 1065 2744 imos,

283 2753 322 2828 ui
339 2762 441 2827 'cette
462 2771 558 2827 tanta
569 2747 818 2865 magnitudine
839 2749 967 2828 frustra
984 2774 1062 2829 non

254 2776 325 2927 ant
339 2846 492 2937 donati,-
528 2869 570 2925 ut
590 2848 969 2952 exignum-aspedium
992 2876 1062 2928 no-

254 2946 335 3025 stris
349 2948 463 3023 oculis
484 2948 678 3047 praebeant.
735 2949 828 3026 Non
854 2951 977 3030 minus
998 2949 1061 3028 ad-

251 3045 415 3126 miranda
440 3067 577 3125 naturae
590 3071 801 3125 -cetnuntur
831 3051 869 3125 in
900 3051 1062 3128 minimis

252 3168 364 3247 quam
388 3147 552 3224 maximis
569 3147 677 3225 rebus
694 3198 707 3239 ,
727 3148 794 3223 illis
816 3148 901 3251 ipfis
912 3149 1060 3227 animal-

252 3245 372 3336 culis,
400 3270 484 3346 quae
505 3247 625 3324 libetis
651 3247 767 3325 oculis
791 3248 855 3325 vix
879 3246 1060 3341 videmus,

250 3345 441 3461 inquibus
459 3345 555 3423 haud
573 3348 713 3424 minora
725 3344 863 3425 divinoe
876 3351 1062 3450 magnitu-

250 3442 348 3521 dints
364 3444 557 3547 specimina
573 3444 968 3546 liceatdeprehondere,
980 3472 1061 3524 non

246 3540 369 3622 solum
389 3546 426 3620 in
446 3547 721 3646 proportionata
736 3570 1062 3725 cppporumquan·

797 3672 822 3725 u

244 3644 350 3725 tituto
364 3678 378 3739 ·,
394 3668 435 3724 ac
456 3647 614 3771 partium
635 3647 699 3725 vix
717 3643 754 3724 se
839 3647 1061 3827 percllppdbi·

426 3780 430 3787 .
944 3771 1010 3828 um
1109 3776 1111 3781 .

259 620 530 900 pnimdotttttm
543 620 655 701 debeat
681 623 730 703 ad
756 621 974 728 exquirendas
994 648 1073 703 catt-
