2302 4184
990 285 996 301 e

434 365 444 386 Ο
1043 387 1046 393 .

200 515 327 573 vm
356 515 601 581 iectast-n.
625 516 763 617 nvn·
831 516 908 595 Μ
938 503 945 533 “
1008 476 1017 493 .

89 656 282 761 quandoa
304 661 433 761 primis
463 655 716 760 apostolorum
731 643 909 764 tempoli·

90 761 229 839 busita
245 768 320 861 ‘per
346 760 544 863 legitimam
571 758 848 861 polleffionem,
866 767 908 847 ὰ

89 859 280 938 vetustatis
311 861 624 962 praescriptionem
669 859 746 938 sese
783 883 909 945 tuetur

88 959 466 1051 eontraNovatores‚
479 963 543 1059 qui
558 959 653 1038 nulla
666 961 828 1060 legitima
842 986 909 1045 tta-

88 1061 258 1138 ctoritate
276 1058 459 1150 instruilh
475 1063 554 1138 imo
573 1059 770 1139 manifestis
793 1065 905 1159 vitiis,

88 1159 228 1260 quibus
254 1161 299 1236 ab
321 1159 464 1237 adione
488 1156 757 1261 impediantur,
774 1166 904 1257 notati,
1024 1234 1027 1240 ,

23 1327 27 1334 .
87 1284 209 1339 novas
225 1256 361 1337 docent
380 1278 421 1339 ac
443 1260 647 1338 moliuntur
667 1285 737 1340 res.
786 1262 900 1342 Unde

88 1384 247 1451 errores,
261 1385 328 1461 per
335 1359 648 1463 praescriptionem
663 1359 771 1438 talem
783 1363 901 1444 evitis

86 1458 704 1560 ipsaveritatenevincuntur,aqua
713 1465 902 1561 pernovi.

87 1582 223 1650 tatem,
240 1562 278 1639 dt
292 1558 458 1638 defedlus
475 1558 564 1637 alios
578 1559 903 1661 deprehenduntur

89 1658 273 1738 tecelltlle.
330 1660 378 1736 Et
407 1657 722 1759 quemadmodum
759 1663 904 1756 vetitas,

87 1785 175 1858 quae
203 1781 337 1837 oetetna
354 1759 433 1848 est,
454 1781 626 1841 aeternam
655 1757 901 1863 praescriptio-

87 1885 177 1937 nem
192 1859 289 1937 reste
306 1861 440 1959 patitur
447 1887 462 1957 ‚·
480 1863 528 1938 ita
537 1863 722 1952 veritates,
737 1863 776 1937 ln
792 1885 902 1942 evan·

86 1959 187 2062 gelio
201 1958 387 2047 revelatae,
406 1962 443 2040 dt
459 1960 503 2037 ab
517 1959 688 2059 apostolis
700 1961 902 2063 patefastae,

87 2063 158 2137 tite
188 2057 472 2162 praefatibuntur
502 2061 546 2136 ab
572 2061 663 2151 illis,
686 2060 820 2159 quibus
839 2063 900 2142 hae

86 2161 256 2238 veritates
274 2180 315 2236 ut
331 2158 571 2260 depositoriis,
587 2184 627 2236 ac
639 2159 808 2261 legitimis
819 2163 902 2262 pos-

84 2255 280 2347 sessoribus
308 2258 458 2336 fuerunt
490 2255 701 2338 commissae.
754 2260 901 2361 Neque

87 2357 170 2436 haec
196 2356 248 2436 ell
272 2358 499 2460 praescriptio
523 2357 696 2458 juridica,
718 2356 782 2434 nih
809 2384 899 2458 qua.

87 2480 196 2540 tenus
218 2458 371 2536 ecclesiae
390 2459 467 2559 jus,
482 2460 520 2537 ἃ
535 2457 727 2535 auetoritas
749 2483 789 2536 ea
808 2483 900 2536 con·

86 2556 252 2637 servatur
286 2558 359 2635 hoc
381 2556 523 2650 modo,
551 2583 662 2657 quam
696 2558 900 2661 legitimes

87 2658 238 2737 Chtisto
260 2662 298 2738 dt
325 2657 496 2759 apostolis
513 2661 669 2757 accepit,
687 2662 725 2738 δι
756 2655 900 2760 semper

87 2758 337 2837 conservavit:
351 2763 405 2837 uti
421 2759 479 2836 vel
495 2785 536 2836 ea
557 2758 759 2837 testimonia
779 2757 900 2837 osten-

87 2857 199 2950 dunt,
225 2885 309 2958 quae
322 2859 575 2951 laudavimus,
602 2858 901 2959 laudabimusque

116 2985 158 3035 to
186 2959 464 3038 demonstranda
492 2984 577 3036 veta
599 2958 740 3037 ecclesia
759 3010 770 3049 ,
788 2985 829 3036 ac
856 2961 900 3037 il·

83 2985 156 3136 iius
182 3059 393 3137 austoritate
416 3061 453 3136 in
473 3060 683 3137 veritatibus
704 3059 899 3143 catholicis.

85 3161 213 3257 Quam
230 3159 541 3261 ptaescriptionem
559 3159 712 3261 gentiles
726 3161 764 3238 dt
780 3158 899 3239 Phari·

83 3259 144 3334 saei
162 3284 233 3360 pto
262 3257 298 3335 se
313 3285 389 3335 non
408 3260 586 3338 habebant
603 3288 617 3355 ‚·
646 3284 731 3335 cum
756 3264 899 3359 priores

85 3384 156 3460 pro
182 3357 220 3436 se
248 3359 382 3436 nullam
408 3359 686 3446 austoritatem,
708 3382 835 3436 contra
859 3359 896 3438 se

84 3481 205 3535 autem
216 3462 385 3535 veritates
401 3457 602 3536 manifestas
644 3483 668 3534 u
699 3480 820 3536 nantes
833 3458 896 3538 ha·

85 3559 242 3653 berent‚·
264 3558 363 3634 alteri
391 3580 513 3635 autem
544 3583 596 3657 po
626 3583 759 3634 etone
787 3560 896 3639 etiam

81 3683 195 3759 quam
219 3657 425 3752 habebant,
441 3658 603 3764 legitime
628 3656 896 3841 ‘ffentcieieffl

709 3780 729 3837 a
798 3782 846 3836 n·
