2302 4184
154 474 759 545 rrnuuccaasrncxnu
813 495 892 572 459
1035 552 1040 559 .

133 643 200 723 Ν.
224 634 557 746 Quemadmodum
602 668 697 721 vero
738 640 896 719 christia·
909 654 1070 735 Quomodo

85 768 158 823 nus
183 742 219 820 se
243 768 371 847 gerere
399 744 548 835 debeat,
570 770 618 821 ne
637 743 895 819 haereticorum
909 740 1010 803 fideres
1023 740 1056 840 fo

82 846 222 943 laqueis
240 846 438 932 irretiatur,
457 843 581 943 postea
599 843 780 921 declarat:
804 867 895 943 pra.
909 844 1009 925 gerere
1021 843 1055 886 ao

86 946 213 1021 sertim
252 944 279 1018 fi
312 969 360 1019 eo
378 944 492 1042 usque
515 944 719 1043 procedant
731 995 744 1032 ,
767 965 809 1019 ut
832 918 1030 1052 s11›i{,‚¹}}‚{¹;b

84 1042 367 1145 quodammodo
377 1069 422 1120 ex
436 1043 643 1144 prostitutis
657 1041 899 1121 chomsterem
913 1074 1012 1135 msa,
1025 1068 1078 1139 a,

82 1144 242 1242 aliquem
269 1168 309 1222 ac
326 1165 452 1220 notam
468 1143 623 1220 ecclefiae
639 1142 824 1220 vindicare
843 1144 895 1220 ni·
910 1156 1008 1223 henot

85 1266 232 1323 tantur:
263 1268 349 1319 curn
379 1240 481 1346 poffe
506 1242 666 1320 accidere
687 1241 785 1320 haud
801 1238 897 1321 diffi·
1070 1250 1074 1261 '

83 1342 238 1421 tendum
267 1342 327 1431 fit,
344 1366 385 1420 ut
412 1342 641 1421 mendacium
663 1367 710 1419 ex
738 1341 898 1440 quadam

83 1468 188 1544 parre
204 1446 364 1522 veritatis
409 1445 564 1521 uandam
600 1441 758 1543 speciem
793 1464 899 1520 meu·

83 1546 194 1622 riatur
219 1548 283 1637 (a).
308 1544 352 1620 ln
370 1470 510 1624 raveto
525 1541 738 1621 devolvitur
751 1540 899 1620 taudem

784 1666 873 1721 cuna

127 1795 210 1838 mum
232 1772 359 1848 inflet,
395 1770 416 1832 st
447 1767 598 1848 sequamur
622 1772 898 1851 universitatem„

127 1863 357 1936 antiquitatem,
398 1852 625 1918 consenfionem.
690 1856 851 1934 Sequemur
872 1894 898 1933 „

126 1958 224 2004 autern
247 1937 460 2002 univerfitarem
488 1935 546 2001 hoc
571 1937 682 2002 modo:
727 1938 746 2000 st
774 1936 851 2002 hauc
872 1978 897 2017 „

128 2043 216 2087 unam
232 2022 320 2085 fidem
333 2038 431 2081 aeram
443 2017 499 2078 oue
513 2019 665 2093 fateamur,
688 2042 774 2099 quarn
788 2037 851 2087 tota
872 2059 898 2100 „

128 2126 181 2186 per
197 2105 298 2168 orbem
320 2120 461 2165 tertarum
474 2100 630 2163 confitetur
640 2104 780 2168 ecclelia:
796 2125 847 2166 au·
868 2145 894 2183 „

129 2192 293 2268 tiquitatem
310 2204 381 2247 vero
400 2187 462 2254 ita,
486 2182 505 2242 st
526 2182 564 2246 ab
586 2182 631 2245 his
644 2185 770 2249 sensibus
785 2186 850 2250 nul·
872 2227 897 2265 „

126 2271 241 2337 lateuua
263 2267 433 2334 recedamus
454 2283 527 2341 quoa
559 2265 672 2328 saucios
713 2269 848 2343 majores,
871 2308 895 2346 „

126 2377 162 2421 ac
180 2374 276 2433 patres
299 2349 410 2412 nostros
423 2344 578 2410 celebrasse
594 2348 775 2412 manifestum
788 2350 847 2413 est:
872 2391 897 2429 „

128 2437 345 2504 consenfionem
365 2450 481 2508 quoque
493 2430 617 2505 itidem,
653 2430 851 2510 fiinipsare-
873 2473 898 2512 „

128 2522 233 2585 tustate
252 2518 384 2580 omnium
410 2512 457 2575 vel
478 2530 558 2576 certe
578 2533 655 2592 pene
667 2519 798 2578 omnium
813 2516 853 2579 sa·
874 2557 899 2595 „

128 2606 281 2669 cerdotum
304 2599 437 2679 pariter,
460 2597 855 2675 &magistrorumdefinitio-
875 2639 901 2679 ‚,

128 2708 182 2751 nes
201 2685 415 2762 sententiasque
435 2678 575 2746 sectemur
605 2720 628 2760 ῃ

85 2800 137 2879 (a)
150 2844 173 2872 ,‚
187 2797 266 2874 Quid
287 2797 374 2874 igitur
388 2794 476 2858 faciet
493 2795 604 2872 (inquit
617 2795 656 2860 iu
677 2816 702 2858 c.
717 2798 763 2874 3.)
780 2795 854 2860 chri·
876 2835 901 2878 „

130 2882 237 2944 stianus
252 2877 436 2951 catholicus,
454 2877 472 2939 fi
493 2876 523 2940 se
532 2877 627 2956 aliqua
649 2880 774 2941 ecclesiae
791 2899 854 2958 par·
875 2927 899 2959 „

130 2964 220 3028 ricula
241 2964 278 3025 ab
308 2958 475 3025 universalis
497 2958 565 3022 fidei
583 2963 762 3025 comunione
781 2982 854 3040 prae.
874 3010 899 3042 „

129 3047 275 3110 sciderit?
298 3045 367 3123 quid
383 3046 494 3121 utique,
516 3042 567 3104 nist
584 3060 616 3106 ut
638 3043 772 3121 pestifero
788 3065 853 3109 cor·
873 3091 898 3123 „

130 3149 276 3208 ruptoque
302 3126 433 3191 membro
457 3126 610 3191 sanitatem
640 3127 763 3189 universi
787 3148 851 3190 cor·
873 3174 898 3206 „

131 3215 212 3293 poris
248 3211 436 3289 anteponat?
467 3209 582 3287 qoidfi
611 3208 728 3270 novella
757 3209 854 3289 aliqua
875 3256 899 3291 „

132 3297 270 3372 contagio
306 3312 366 3355 non
399 3294 458 3366 jam
487 3291 703 3370 portiunculam
727 3307 852 3367 tautum,
875 3338 899 3373 „

130 3379 181 3441 sed
199 3394 291 3439 totam
327 3377 435 3455 pariter
465 3374 614 3438 ecclesiam
641 3375 899 3454 commaculare„

131 3463 285 3525 conetur?
318 3475 390 3521 tunc
411 3458 490 3521 idem
518 3459 705 3535 providebit,
731 3474 763 3520 ut
801 3478 853 3520 au·
874 3505 898 3536 „

132 3545 258 3622 tiquitati
283 3543 442 3611 inhaereat,
464 3560 527 3616 quae
560 3540 674 3619 prorsus
700 3542 759 3616 jam
791 3560 852 3602 non
874 3586 901 3619 „

132 3627 226 3706 potest
240 3625 276 3688 ab
292 3624 341 3686 illa
363 3625 502 3684 novitatis
519 3622 620 3686 fraude
636 3623 754 3686 seduci:
780 3624 851 3702 quid
875 3667 900 3701 „

134 3712 154 3773 ti
176 3713 206 3769 in
228 3707 286 3787 ipsa
300 3708 438 3769 vetustate
454 3706 600 3781 duorum,
622 3723 673 3770 aut
695 3709 783 3769 trium
802 3706 854 3769 ho·
874 3750 900 3786 ,‚

134 3795 280 3869 munna,
311 3788 361 3853 rel
391 3806 472 3853 certe
501 3788 630 3854 ciuitatis
668 3792 778 3868 unius,
800 3802 854 3855 aut
873 3830 903 3869 ῃ

859 3872 1034 3944 *x
1076 3932 1079 3943 .
