2302 4184
1022 302 1026 311 .

257 332 324 371 ,ι’
584 328 591 347 ⁸
859 340 864 349 ⁹
1017 354 1020 359 .

225 478 278 585 '86
372 512 450 574 ur.
471 483 865 572 annonaraarro
932 508 939 595 ᾗ

224 678 294 738 eet.
358 657 536 737 uaenobis
552 653 723 744 declarat,
747 656 936 733 hominem
951 680 1027 733 non

224 754 328 838 ossea
374 757 446 838 EO
462 779 620 833 creatum
643 777 700 833 tot
715 780 755 833 ac
772 758 879 834 tantis
898 755 1028 855 depra-

224 859 318 939 vatis
337 858 446 937 animi
458 853 1027 954 affeilibusaddiilunmampro-

224 982 316 1037 nunt
332 956 377 1035 ad
390 952 555 1046 malurn,
594 952 776 1033 difficilem
810 954 854 1035 ud
874 956 1028 1043 bonum,

223 1054 351 1161 paffim
371 1082 389 1133 a
408 1055 509 1134 testo
538 1057 576 1137 dt
602 1053 757 1132 honesto
779 1055 1028 1144 aberrantem,

144 1237 146 1241 ,
222 1154 501 1244 millemiseriis,
529 1152 784 1232 calamitatibus
806 1157 1028 1232 obnoxium:

162 1260 167 1271 '
221 1253 285 1334 sed
304 1280 440 1333 noxam
453 1255 606 1354 aliquam
621 1251 936 1432 intereeffiffe,pua
951 1282 1026 1331 tne-

77 1358 85 1387 ⁸
223 1359 337 1434 ruerit
356 1354 444 1432 statu
514 1350 630 1429 rfeilo
658 1357 856 1454 originario
891 1357 1029 1455 poliati,

221 1453 368 1555 suisque
381 1452 454 1531 defi
480 1456 595 1541 eriis,
630 1453 668 1527 in
686 1479 770 1550 quae
790 1454 920 1554 sponte
944 1458 1027 1543 ruit,

253 1579 384 1632 omum
415 1557 568 1631 vetitum
593 1551 804 1655 gustando,
854 1554 1029 1652 relinqui,

157 1700 161 1713 ·
223 1580 337 1733 lilio
354 1651 538 1731 auferente
558 1649 655 1727 dona
676 1649 736 1726 sua
749 1650 926 1751 specialia,
947 1656 1029 1752 qui-

225 1753 352 1832 busin
374 1755 491 1850 prima
513 1752 692 1827 creatione
711 1774 797 1826 eum
826 1775 1030 1840 ornaverat,

225 1851 472 1933 undenarium
487 1846 679 1929 neceffatio
701 1851 739 1924 in
763 1846 928 1948 posteros
947 1878 1030 1952 per-

224 1954 351 2030 venire
371 1950 519 2028 debulte
544 1948 640 2025 haud
655 1945 756 2024 secus
770 1972 810 2023 ac
826 1946 1031 2049 saprinceps

224 2050 386 2149 &judex
402 2068 507 2126 teum
525 2047 728 2136 nobilitate,
757 2048 887 2137 bonis,
909 2050 947 2125 ἃ
967 2074 1029 2148 pa-

222 2152 293 2229 tria
310 2147 457 2250 spoliat,
477 2145 740 2246 consequenter
753 2149 830 2245 ejus
847 2149 1030 2245 etiampo-

189 2280 194 2291 ¹
224 2246 360 2329 sterius
376 2247 444 2327 iilis
452 2246 577 2325 orbata
593 2268 729 2322 manet:
749 2244 920 2345 scriptura
930 2271 1033 2322 com-

210 2369 477 2434 memorante,
496 2344 648 2426 DEUlvl
678 2344 779 2422 fieuti
793 2343 935 2421 homini
959 2345 1031 2423 do-

225 2447 383 2525 minium
402 2448 440 2524 in
458 2470 516 2525 res
533 2469 663 2521 oannes
688 2442 814 2534 dedit,
846 2447 893 2522 ita
916 2447 953 2521 in
975 2448 1032 2545 ju·

228 2544 318 2625 stam
343 2566 489 2663 poenarn
508 2542 610 2622 malis
629 2544 737 2621 etiam
751 2543 906 2645 physicis
924 2570 1032 2621 mun-

228 2642 321 2722 dum
348 2643 544 2731 infecerit,
577 2640 770 2744 postquam
797 2666 948 2816 propter
980 2647 1033 2718 in·

144 2779 147 2787 ·
225 2741 471 2822 obedientiam
491 2739 528 2819 se
550 2738 667 2819 horno
697 2743 774 2840 ejus
807 2765 857 2837 po
887 2740 1033 2833 effione,

227 2838 475 2940 fruitioneque
491 2839 564 2917 ind·
595 2865 684 2918 uutn
698 2838 863 2918 reddidit
913 2838 1033 2940 Cujus

229 2939 313 3018 duo
323 2939 487 3040 exempla
514 2864 619 3017 addis
638 2964 685 3015 ex
708 2939 881 3040 scriptura
898 2938 1032 3042 suppe-

229 3060 328 3119 tunt:
350 3038 440 3115 dum
449 3039 580 3118 Duos
592 3062 743 3140 propter
763 3038 951 3115 hominem
961 3042 1033 3116 ler-

227 3160 380 3238 pentenr
402 3141 566 3241 punivit,
608 3140 646 3217 dt
670 3139 872 3216 inimicitias
898 3136 1032 3240 posuit,

226 3256 360 3330 rerrae,
379 3232 544 3339 utspiuas
562 3240 600 3318 dt
619 3236 770 3314 tribulos
786 3237 928 3314 homini
944 3263 1033 3340 pro-

226 3332 360 3428 ferret,
378 3336 629 3415 denunciavit.-
663 3333 796 3415 deinde
820 3339 929 3413 novis
949 3362 1034 3437 pec·

226 3436 314 3515 catis
323 3437 478 3515 irritatus
490 3439 529 3513 in
542 3435 681 3512 diluvio
695 3438 772 3537 ejus
787 3439 895 3513 etiarn
906 3437 1034 3513 faciem

226 3531 444 3634 deturpavit
512 3534 609 3614 Mala
652 3535 687 3611 'h
715 3535 799 3627 lica,
837 3536 1034 3635 quomodo

142 3738 145 3743 ῃ
227 3636 339 3725 unice
356 3658 405 3717 ex
421 3635 519 3717 urdo
533 3561 665 3716 morali
686 3562 749 3717 len
770 3657 921 3743 peccato
941 3658 1035 3725 orta,

714 3790 723 3803 .
944 3759 990 3816 ac
