2302 4184
186 542 266 634 246
345 556 381 614 t.
407 552 440 614 n
465 532 849 616 nonnum-anto

88 711 91 715 ’
187 699 365 783 ubinnllo
383 725 440 779 res
457 699 694 802 periclitatut,
727 697 754 777 li
780 703 888 778 etiam
914 697 1002 781 msa

189 799 311 891 foret,
321 868 324 873 .
336 801 627 903 &ubimagnum
646 801 788 878 luerum
804 800 957 902 prostat,
973 800 1001 879 fi

189 898 290 982 forte
303 924 388 979 vera
411 900 517 979 foret.
569 899 712 980 Conttn
738 925 830 977 veto
856 927 897 980 en
912 900 1001 994 reii-

190 997 317 1081 cienda
330 1025 434 1104 pars,
457 1025 541 1100 quae
567 999 631 1078 etst
654 1024 740 1078 vern
765 997 876 1094 ellet,
909 999 1001 1078 nihil

187 1118 313 1178 tomen
332 1100 492 1179 utilitatis
511 1126 552 1178 nc
572 1100 763 1179 commodi
779 1099 946 1193 offertet3
973 1100 1001 1178 fi

186 1219 312 1277 nutem
330 1197 433 1293 falsa,
448 1204 487 1278 in
514 1203 589 1281 enti
601 1226 670 1279 nos
687 1199 1002 1291 damnoafficeret.

190 1297 276 1376 lmo
293 1226 542 1400 sementina,
563 1299 908 1404 etiampraesenssed
920 1325 1002 1401 pat·

191 1414 286 1476 vum
296 1398 647 1492 lucrumdimittere‚
664 1402 813 1574 {nando
824 1425 1007 1504 magnum-

190 1495 342 1598 nliquod
360 1501 652 1579 emolumentum
687 1524 842 1600 petatur.
869 1508 928 1579 Sic
937 1526 1002 1576 ne·

186 1598 391 1700 gotintores
413 1625 454 1678 oc
471 1623 689 1687 mercatores
697 1599 913 1701 praelentem
924 1627 1002 1678 cer·

161 1742 168 1752 ·
186 1717 264 1778 tntu
282 1701 475 1802 pecuniam
493 1699 585 1791 lueri
601 1701 663 1797 spe
683 1723 883 1799 exponunt.
899 1702 1004 1779 Nau-

188 1817 239 1877 toe
258 1820 298 1874 nc
320 1796 450 1889 milites
465 1800 611 1898 majoris
631 1796 791 1887 ,fortunae
808 1803 919 1899 gratia
946 1805 1002 1875 vi-

188 1918 265 1974 tam
284 1896 447 1995 periculo
464 1919 667 1998 exponunn
697 1898 867 1996 Agricola
876 1897 1001 1975 semen

187 1992 215 2073 s
233 2001 346 2099 argit,
371 1999 408 2076 δι
431 2020 562 2100 agrum
582 1995 684 2096 serit,¹
715 2004 756 2074 ac
773 2020 859 2072 ovat
880 1999 1001 2075 mellis

208 2118 325 2175 ututoe
338 2091 452 2190 eausa,
470 2101 478 2116 ”
501 2097 669 2195 Denique
688 2120 817 2183 omnes
837 2100 1001 2198 negotia-

186 2194 315 2278 tiones
333 2196 399 2275 htc
417 2194 540 2298 tegula
557 2198 748 2288 &canone
765 2218 937 2284 utuntur:
974 2195 1002 2274 lt

187 2294 294 2471 guod
311 2298 351 2388 in.
370 2291 592 2398 speratum,
614 2291 876 2392 alterumquod
892 2295 1002 2396 poffi-

216 2417 298 2485 etur
317 2399 573 2485 emolumento
591 2389 755 2490 supetat,
773 2419 813 2481 ae
822 2397 1002 2472 incertum

189 2496 341 2596 majoris
356 2489 542 2582 multoell
554 2495 753 2583 momenti,
789 2519 899 2592 quam
924 2521 1003 2571 cet-

187 2611 289 2684 tnm,
314 2591 401 2686 illud
420 2592 506 2669 ltuic
521 2612 761 2688 anteponunt,
783 2594 887 2690 Quid
899 2593 1003 2692 fijam

189 2692 336 2779 infinito
344 2692 466 2797 pretio
480 2692 661 2783 incertum
677 2688 821 2790 superet
828 2717 966 2776 certum
979 2693 1001 2771 ἲ

191 2791 299 2893 Quid
317 2790 442 2875 sicum
461 2790 601 2886 ingenti
610 2790 773 2888 periculo
783 2814 921 2879 certum
936 2794 1001 2870 ha.

189 2888 346 2971 beatur?
395 2891 457 2983 An
477 2914 555 2980 nott
575 2889 755 2979 incertum
770 2878 895 2991 pdtius
912 2917 1001 2970 cum

191 2993 292 3072 bona
328 2988 420 3093 spe,
452 3014 562 3088 quam
592 3009 733 3074 certum
763 2993 885 3093 exigui
920 3019 1004 3067 mo-

190 3092 309 3171 menti
329 3114 414 3167 cutn
434 3113 570 3191 magno
596 3090 729 3174 timore
757 3088 1000 3194 eligendum?

188 3193 329 3293 Neque
343 3191 441 3279 enim
456 3185 674 3266 incertitudo
701 3189 802 3291 spem
836 3190 1001 3300 impedit,

190 3317 233 3384 nc
245 3294 420 3371 minimus
439 3288 515 3391 spei
529 3287 1000 3391 gradusadaetetnamsum-

189 3416 365 3492 mamque
392 3389 598 3482 felicitatem
626 3389 744 3467 multo
775 3389 827 3467 est
852 3393 1008 3490 majoris:

190 3493 299 3597 pretii
322 3518 434 3592 quam
454 3487 668 3577 securiffima
688 3490 814 3568 fruitio
830 3494 1000 3567 omnium

186 3595 430 3696 periturarum
460 3616 500 3670 ac
538 3589 720 3667 fluxarum
758 3590 1002 3692 voluptatum.

188 3691 387 3798 Quidquid
404 3692 466 3774 hic
487 3688 750 3795 periclitamur,
781 3690 834 3771 ell
845 3687 1004 3870 bamilio

871 3810 952 3869 tevt
