2302 4184
213 520 350 578 vtntt
380 518 628 582 tectum.
652 504 764 587 nxtt.
825 526 900 604 451

93 661 349 751 tuthaetetici,
366 662 455 740 nihil
480 682 599 741 tamen
621 664 815 766 proficiunt
839 676 904 755 (a)
988 708 1020 769 ι

92 766 280 865 Quamvis
307 784 430 841 nutent
457 768 734 844 communionis
751 766 793 845 stt
810 768 905 850 istud

90 889 232 944 nomen
251 862 491 951 catholicum,
505 886 626 945 tamen
641 867 679 943 S.
694 866 799 945 Putet
816 869 905 947 sem-

89 988 160 1066 per
171 964 509 1043 denominationem
527 988 574 1039 ex
585 964 718 1043 effectu
735 967 904 1065 desumit,

88 1086 271 1164 quatenus
293 1064 465 1139 nimirum
500 1061 720 1142 diffunditur
732 1091 799 1168 pet
819 1074 903 1147 uni·

89 1162 240 1242 versum
261 1162 391 1237 orbem
416 1158 479 1256 (b).
503 1164 640 1263 Neque
662 1186 735 1242 tum
759 1192 805 1244 ex
832 1195 904 1246 no·

88 1266 191 1341 mine
222 1259 455 1339 diffufionem
482 1264 637 1341 eccleliae
673 1267 900 1366 probandam

88 1364 192 1453 vult,
217 1385 327 1459 quant
349 1384 396 1438 ex
409 1363 726 1461 promiffionibus,
744 1391 902 1464 quorum
990 1370 997 1383 '

87 1462 291 1563 completio
317 1464 459 1538 nomini
485 1462 712 1541 occnfionem
733 1469 903 1567 ptoebue-

87 1564 164 1641 rit:
189 1584 235 1638 ex
295 1562 402 1637 uibus
442 1563 624 1663 promiffis
651 1568 758 1644 etiam
794 1571 901 1647 unice

87 1586 349 1740 desumengnm
366 1684 470 1763 putat
483 1661 591 1764 hujus
604 1663 759 1743 ecdestae
774 1668 901 1746 entho-

89 1759 169 1839 ticae
194 1763 387 1850 unitatem,
407 1760 454 1839 de
476 1787 547 1861 qut
565 1787 638 1842 tom
663 1766 758 1865 saepe
777 1764 900 1867 loqui·

88 1882 169 1952 tut,
193 1859 434 1962 utquepostS
466 1860 743 1941 Cttnttuutn
763 1863 835 1944 hoc
854 1871 900 1947 ti·
977 1882 995 1903 '

86 1958 166 2037 lulo
184 1965 367 2061 integrum
393 1966 500 2039 etiam
522 1963 730 2066 conscripfit
749 1965 898 2059 librum,

88 2060 154 2139 seu
179 2085 221 2141 ut
241 2058 317 2163 ipse
341 2082 448 2138 vocat
472 2060 669 2158 epistolam.
717 2063 826 2141 Nuffa
852 2066 896 2171 est

104 2184 109 2192 ·
467 2160 497 2236 F
505 2158 527 2235 f
540 2182 561 2239 2
737 2167 843 2266 igitur

88 2354 173 2438 (a)‚,
191 2356 255 2422 Una
277 2354 316 2422 est
330 2354 473 2421 catholica
495 2356 613 2437 (inquit
632 2357 710 2421 idem
731 2359 769 2423 de
783 2361 845 2426 util.
869 2411 893 2445 „
1009 2421 1014 2437 ,

130 2443 270 2505 credendi
293 2464 323 2504 n.
346 2462 390 2521 ¹9·
411 2448 445 2505 T.
465 2446 544 2506 V111.
556 2461 584 2520 p·
604 2445 676 2520 57.)
701 2444 847 2508 cuihaete·
867 2493 892 2529 ‚,

129 2524 174 2588 ses
202 2525 257 2588 alia
289 2524 400 2587 diversa
430 2525 549 2586 nomina
581 2526 755 2603 imponunt,
779 2547 846 2592 cunt
867 2577 892 2609 ‚,

131 2606 198 2687 ipsae
211 2608 325 2687 fingulae
350 2609 473 2686 propriis
491 2606 660 2684 vocabulis,
677 2628 739 2687 que
761 2630 846 2690 negt·
867 2659 891 2691 „

130 2711 163 2754 te
180 2710 238 2753 non
261 2691 405 2761 audeant,
430 2688 619 2768 appellentur.
665 2691 710 2755 Ex
730 2714 788 2771 quo
804 2698 846 2756 in·
868 2742 891 2774 „

130 2772 222 2853 telligi
233 2773 317 2836 datur
336 2774 532 2850 judicantibus
546 2774 671 2847 arbitris,
683 2795 756 2853 qnos
767 2777 846 2840 nulla
867 2823 892 2857 ‚,

129 2855 892 3017 ἓῖρξέἐὲ881ξί11“ἓῖῃῗῖυέἲῑ“ῗῖἷὲϊῗηα“1ἒ“”’”

566 2985 576 3015 t
786 2990 794 3007 ·
818 2988 840 3019 tt

83 3060 175 3140 (b)„
191 3059 277 3138 Quast
290 3082 349 3123 non
363 3063 449 3124 etiam
461 3059 585 3139 ,floribit
604 3061 640 3123 ad
654 3060 680 3122 V
694 3083 703 3121 t
717 3080 847 3124 uotu-
867 3104 892 3143 ‚‚

130 3162 245 3205 etun
270 3144 658 3221 mmmm
684 3143 890 3223 fortehino„

128 3224 164 3287 fit
176 3224 320 3304 appellata
343 3226 486 3290 catholica
503 3228 581 3305 quod
601 3230 846 3290 totumveracite't
866 3270 891 3307 „

129 3320 229 3371 teneat
250 3309 478 3386 (hoedicebant
496 3309 647 3381 haetetici)
671 3313 753 3385 cujus
772 3313 846 3373 veti·
867 3353 892 3390 „

127 3393 196 3453 tatis
220 3393 367 3455 nonnullae
392 3392 538 3471 particule
560 3394 592 3453 in
619 3393 737 3455 divetsts
763 3395 845 3455 inve·
863 3389 891 3472 '„

128 3474 249 3537 niuntut
270 3474 442 3548 haerefibus,
464 3475 549 3551 hujus
572 3478 700 3537 nominis
722 3476 845 3537 testimo·
867 3517 893 3554 „

128 3560 179 3617 nio
210 3559 388 3620 nitamutnd
411 3558 662 3620 demonstrandam
697 3558 844 3621 coelestum
869 3599 893 3637 „

127 3640 160 3701 in
177 3641 311 3703 omnibus
325 3643 478 3720 gentibus,
493 3645 521 3703 ἃ
538 3660 597 3701 non
617 3640 759 3719 promissus
771 3641 846 3714 ott,
868 3681 893 3720 „

129 3725 159 3785 &
175 3736 235 3784 tam
257 3723 376 3801 multis,
399 3723 683 3804 nmquemanifestit
702 3723 847 3791 mitacul'tt
867 3768 892 3805 „

116 3806 267 3877 veritatis.
289 3849 315 3886 „
