2250 4206
378 466 759 535 PRAEFATIO.

74 624 250 713 christiano
291 622 494 707 nornine
519 620 689 703 veniunt
711 618 854 720 settae,
886 634 1074 743 quamvis

75 768 124 852 pro
139 739 282 826 lubitu
308 758 514 848 quaeque
532 730 608 815 suo
622 790 635 829 ,
650 734 981 838 autmutilatam,
1002 768 1074 831 aut

76 876 320 967 corruptam,
356 871 439 933 aut
465 843 518 929 ad
543 844 652 929 suam
675 843 910 935 sententiam
934 851 1075 940 detor.

78 988 144 1052 trrr.
195 960 340 1071 Qrod
372 957 521 1072 ipsum
545 956 588 1041 in
613 954 832 1053 causaest,
858 985 906 1043 ut
926 989 1075 1053 verum

78 1076 140 1273 p'us
154 1074 432 1161 intellesturn
455 1099 480 1154 a
502 1068 601 1154 vivo
621 1066 759 1180 aliquo
773 1066 913 1181 judice
931 1100 1076 1185 peten-

99 1195 107 1273 i
123 1190 327 1275 neceffitas
356 1185 432 1281 fit,
448 1179 562 1265 haud
576 1182 711 1263 minus
728 1204 774 1265 ae
792 1206 945 1269 caeterae
962 1182 1074 1301 leges

80 1302 210 1414 scriptae
241 1304 485 1410 interprete
512 1318 617 1405 opus
640 1289 819 1378 habent:
852 1293 1077 1405 praesertim

82 1440 158 1501 cum
172 1410 287 1499 nulla
303 1408 486 1503 existat,
505 1407 549 1489 in
601 1431 652 1489 ua
676 1402 894 1488 hominum
911 1407 1076 1519 ingenit

84 1548 216 1611 tanturn
254 1522 537 1637 experiantur
640 1513 756 1599 dium
803 1522 849 1611 &
891 1512 1077 1603 laborem

86 1636 209 1736 suurn,
242 1661 381 1751 quam
416 1634 462 1715 in
487 1628 684 1741 scriptura
704 1628 843 1723 sacra,
877 1651 917 1713 at
978 1654 1077 1713 eo-

87 1756 220 1837 mnium
237 1768 494 1861 temporum
507 1766 557 1826 ex
586 1742 750 1825 erientia
767 1764 938 1851 compro
995 1762 1078 1837 tur,

87 1888 187 1977 quarn
210 1856 421 1953 divertit,
444 1862 494 1949 &
566 1851 766 1939 versantes
780 1849 851 1935 fibi
870 1850 965 1937 inde
979 1876 1078 1965 per-

88 1977 167 2061 rersr
183 1977 384 2061 homines
400 1962 691 2078 exsculpstrint
707 1963 930 2049 sententiat
986 1964 1076 2048 Ex-

91 2090 229 2171 titerunt
255 2087 364 2171 enim
390 2082 551 2194 plures,
578 2101 625 2160 ut
646 2076 686 2162 S.
702 2077 914 2161 Hrrrrrr
939 2073 1009 2160 lib.
1027 2074 1075 2161 Π.

92 2197 292 2288 deTrinit.
336 2192 361 2283 '.
380 2209 484 2301 789.
510 2190 644 2277 verbis
660 2212 778 2285 utar,
800 2189 868 2300 qui
881 2185 1079 2292 caelestium

92 2314 266 2399 verborum
297 2308 569 2421 zmplicr'tatem
586 2323 656 2414 pro
669 2300 884 2387 voluntatis
898 2294 1078 2408 suaesen-

88 2422 140 2529 su,
153 2456 219 2511 non
236 2449 313 2540 pro
328 2418 528 2508 veritatis
551 2411 660 2527 ipfius
676 2411 901 2521 abfhlutione
913 2409 1081 2521 suscipe·

95 2544 303 2637 nataliter
318 2538 651 2643 interpretantes,
665 2552 778 2637 quam
792 2522 978 2606 dictorum
993 2523 1085 2605 vir-

95 2665 142 2731 tus
152 2650 397 2765 ppffularet,
432 2638 486 2726 de
510 2637 758 2746 intelligentia
788 2636 886 2718 enim
918 2628 1081 2737 haerefis‚

96 2786 150 2843 ton
160 2765 421 2878 descriptura
438 2748 506 2857 est,
522 2747 711 2859 &fitnsur
728 2776 802 2831 non
807 2744 931 2853 sermo
941 2743 988 2841 fit
1004 2744 1083 2829 cri-

98 2898 166 2964 κιαι.
214 2884 311 2967 Nec
335 2872 504 2959 litterae
536 2864 661 2977 igitur
686 2885 775 2945 tuto
807 2857 951 2971 aliquis
974 2854 1085 2953 fidit,

99 3007 162 3093 quae
177 2998 289 3081 toties
305 2988 408 3104 jam
427 2975 602 3069 occidit,
618 2998 664 3058 ac
681 2969 773 3057 falsa
788 2973 865 3078 est3
895 2995 969 3053 nec
985 2993 1085 3079 pro-

99 3101 215 3207 prium,
234 3136 282 3196 ac
297 3101 543 3219 privatum
565 3085 676 3200 sequi
700 3081 930 3171 consultum
945 3081 1002 3163 est
1023 3080 1087 3163 irr-

100 3206 258 3309 ttlleaum
280 3280 296 3320 ‚
327 3207 479 3299 toties
502 3197 716 3309 deceptum
737 3221 750 3303 3
780 3192 846 3279 sed
867 3192 999 3279 solum
1021 3189 1088 3274 {u-

99 3336 204 3430 Pfffsssts
238 3360 290 3423 ut
336 3308 542 3409 ecclefiae
573 3309 833 3422 suscipiamus
869 3302 1089 3394 'udicitrm,

99 3450 179 3539 quarn
193 3450 388 3537 invitam
415 3422 584 3533 semper
598 3447 643 3507 ac
660 3330 931 3505 inconcussjm
948 3416 989 3495 in
1011 3408 1090 3493 fide

97 3561 190 3647 contra
209 3557 449 3649 omnium
476 3532 672 3619 haerestrm
696 3528 865 3617 insultus
888 3523 1094 3633 comperi·

95 3677 168 3765 mus,
181 3701 270 3791 quae
291 3687 368 3755 ex
393 3676 456 3739 ea
482 3641 726 3761 progreffae,
748 3641 798 3727 ab
818 3665 864 3721 ea
887 3635 1094 3826 prpstrptae

966 3768 1023 3827 un
