2302 4184
8 1855 11 1891 ⁵
84 1932 89 1941 .
150 1874 223 1939 (lum
236 1874 285 1938 ub'

301 568 309 591 .
339 508 393 589 74
506 510 542 567 u
563 504 588 569 t.
614 509 996 573 nuuoumam

338 676 381 733 nc
394 652 629 759 religionem,
661 652 781 756 ficque
802 655 956 737 deducat
978 661 1015 736 In
1045 656 1144 739 vium

337 752 491 856 tellam,
507 760 545 834 ἃ
562 752 734 856 perdunt
761 756 806 835 ad
831 757 977 839 felicem
999 761 1143 837 aeterni.

336 872 461 933 sstem·

337 1079 1140 1099 mma—nn-

215 1270 219 1279 .
487 1188 591 1277 CA
619 1189 650 1275 P
679 1188 720 1275 U
746 1190 794 1276 T
850 1187 975 1280 VIII.

333 1308 456 1427 Apud
462 1308 685 1417 christianos
713 1313 876 1415 indicia,
893 1343 939 1399 ac
967 1332 1139 1420 ignave·

404 1436 458 1499 τι·
467 1422 651 1531 religionis,
674 1421 893 1601 httcbdollrinae
915 1422 1065 1503 revelata

696 1548 798 1603 aeri.

728 1665 746 1745 1

149 1788 296 1871 hlaut-
331 1763 459 1945 Cum
480 1794 593 1897 igitur
620 1816 697 1868 non
718 1790 836 1869 solum
864 1815 943 1870 non
961 1792 1140 1871 inconve-

149 1957 245 2022 Μ.
418 1896 521 1971 niens
547 1890 615 1982 lit,
645 1890 935 1993 perfestiffimae,
962 1916 1072 1990 quam
1090 1892 1138 1971 de

149 1976 316 2105 ,graffio
333 1992 441 2072 DEO
449 1994 694 2090 concipimus,
708 1995 851 2067 notioni
861 2018 1007 2083 ,verum
1017 1994 1137 2084 etiam,

148 2092 294 2187 mela,
357 2091 529 2169 raesertim
541 2092 616 2169 hoc
632 2091 800 2169 humanae
818 2115 954 2169 naturae
974 2094 1066 2168 vitio
1088 2093 1139 2171 Ia·

148 2192 298 2271 habeatur.
329 2118 620 2281 lemausum,
657 2188 908 2283 necellarium,
942 2212 983 2267 ut
1003 2213 1137 2293 praeter

357 2290 534 2371 eneralem
553 2290 625 2367 sese
641 2316 813 2367 creaturae
834 2291 996 2369 rationali
1019 2292 1135 2367 mani·

289 2386 293 2395 ’
328 2316 479 2470 Iestandi
495 2390 650 2467 modum
665 2392 885 2482 naturalem,
912 2389 962 2465 sm
1016 2390 1135 2467 latitet·

327 2492 488 2573 DEUS
513 2492 675 2577 revelet,
705 2516 788 2587 quae
804 2490 847 2566 ad
864 2488 916 2565 sui
932 2514 976 2565 cu
992 2512 1069 2566 tum
1093 2493 1134 2570 &

327 2590 561 2694 religionem,
576 2591 618 2669 ad
638 2589 796 2664 nostram
806 2588 1055 2666 conditionem
1066 2588 1134 2667 sta-

327 2712 501 2790 tumque,
529 2690 728 2788 pracsertim
752 2688 887 2766 futurae
909 2690 995 2765 vitae
1022 2687 1135 2765 felici-

326 2810 458 2879 tatem,
472 2792 725 2875 acrationem,
750 2788 795 2866 ad
823 2814 902 2865 eam
925 2790 1133 2891 pertingen-

325 2889 385 2979 di,
403 2886 903 2991 cognoscendampertinentz
922 2888 1133 2988 circumspi-

327 2987 496 3064 ciendum
509 2986 651 3064 homini
669 3042 679 3074 ‚
702 3014 742 3064 ac
765 2986 919 3067 studiosa
935 2986 1062 3065 electio
1078 2989 1132 3066 fa-

325 3086 478 3175 cienda,
494 3084 557 3165 ubi
576 3114 684 3165 verus
702 3090 818 3166 cultus
833 3088 1008 3205 &religio
1029 3089 1132 3187 juxta

324 3187 412 3267 DEI
429 3187 520 3263 bene
547 3187 693 3265 lacitum
718 3191 878 3267 obtineat
904 3240 915 3280 ‚
954 3212 1047 3267 tuter
1072 3209 1131 3266 tot

324 3286 501 3375 DEUM,
518 3214 695 3385 Ileosque
712 3288 875 3379 colendi,
893 3287 1131 3389 fingendique

321 3388 421 3467 ritus.
473 3387 551 3464 Ubi
572 3386 692 3465 divina
707 3392 864 3490 genuina
889 3391 1049 3466 othneat
1072 3416 1132 3465 re-

320 3484 475 3567 velatio:
501 3492 604 3588 cujus
618 3488 697 3565 haec
717 3488 940 3589 potilltmum
956 3487 1026 3565 elle
1048 3486 1133 3662 fos·

320 3584 407 3665 sunt
420 3590 567 3667 criteria
617 3590 654 3666 Si
670 3589 735 3664 lint
753 3587 933 3688 ejusmodi
960 3614 1047 3665 reve
1061 3609 1131 3665 atae

324 3689 514 3785 veritates,
531 3714 616 3793 quae
628 3689 764 3769 lumina
779 3688 1036 3867 naturoeinfflta
1049 3688 1132 3771 illu.

1004 3808 1080 3882 ent,
