2302 4184
188 486 325 571 uasa
349 434 703 557 summumne.
720 496 797 559 vm.
852 492 904 570 tt

92 636 241 715 virtutis
260 636 349 713 loco
376 636 508 729 habet,
539 639 586 715 ab
609 640 676 719 illis
697 654 788 719 'vero
811 666 905 720 avo·

91 755 290 837 eent,quae
298 736 392 813 sanae
408 742 537 815 rationi
546 738 789 820 adversantur.
809 743 901 820 Pro·

92 857 202 915 vocat
231 858 351 913 autem
386 836 567 939 promitis
595 844 708 916 menti
730 842 901 921 humane
1013 930 1020 943 ,

90 940 199 1013 unice
224 936 448 1039 gratiffimis‚
483 938 657 1015 felicitatis
675 943 712 1013 in
736 962 900 1018 contem·

88 1038 253 1136 piatione
271 1038 518 1134 fruitioneque
533 1038 665 1114 summi
687 1039 774 1117 DEI
795 1088 806 1129 ,
830 1040 902 1117 ho·

89 1138 182 1212 minl
205 1158 327 1213 tamen
340 1142 670 1217 natutaeconatu&
683 1139 901 1216 vitibutim-

88 1238 240 1337 pervim
287 1234 364 1313 Cui
381 1235 549 1338 religioni
565 1234 600 1313 id
617 1260 768 1335 quoque
782 1241 900 1317 robur

89 1336 211 1425 addit,
222 1333 327 1435 quod
346 1333 407 1411 suo
422 1332 624 1435 primordia
635 1338 704 1413 abi
733 1336 776 1413 li,
791 1362 900 1413 mun·

87 1435 126 1511 di
139 1434 365 1513 incunabulis
385 1458 542 1549 tepent,
562 1362 900 1517 cumduiiumnon

87 1535 131 1612 fit
164 1534 318 1613 DEUM
379 1558 513 1610 notum
541 1533 615 1611 hoc
651 1537 690 1611 in
713 1539 899 1613 creatione

86 1633 219 1711 mundi
234 1636 334 1711 inten
360 1630 422 1709 ille
437 1683 448 1722 ‚
466 1654 509 1709 ut
519 1658 633 1733 quem
647 1632 692 1711 ad
706 1632 812 1711 suum
822 1634 900 1710 cul.

86 1756 170 1811 tum
184 1730 396 1823 destinarat,
420 1733 522 1810 illum
540 1730 584 1809 ad
610 1732 684 1809 hoc
705 1736 898 1823 imbueret,

86 1833 364 1933 instrueretque.
408 1832 525 1909 Addit
540 1856 771 1911 momentum
783 1836 899 1909 Mou-

86 1958 137 2013 sts
153 1936 371 2031 antiquitas,
406 1932 488 2010 haec
510 1935 633 2010 omnia
660 1934 768 2011 nobis
790 1957 897 2009 enar·

86 2034 231 2121 rantis,
270 2036 337 2132 qui
365 2038 505 2149 ptimus
539 2032 691 2109 habetur
727 2030 894 2134 scriptor,

85 2136 228 2233 quique
227 2138 407 2305 αΕτορίοτ
437 2131 571 2223 rebus,
610 2158 699 2232 quas·
732 2154 893 2221 enanat,

85 2256 201 2331 quam
278 2255 321 2309 us
337 2234 425 2311 alius
440 2256 619 2327 veraptae
646 2232 722 2310 aliis
741 2232 895 2309 scribere

85 2332 226 2433 potuit.

129 2462 201 2543 Vl.
229 2462 324 2543 Haec
347 2486 465 2568 porro
496 2460 625 2567 religio
650 2460 820 2541 omnium
850 2486 894 2541 o·
910 2462 984 2563 Qut
1001 2484 1034 2532 e·

82 2568 203 2671 ptime
225 2567 331 2667 nob'n
345 2568 419 2646 illas
431 2570 599 2644 veritates
618 2567 788 2667 explicat,
803 2588 893 2662 quas
909 2564 978 2691 ἵξῃ
999 2564 1060 2616 ¹¹⁰⁸

84 2665 202 2767 paulo
223 2688 305 2743 ante
323 2668 714 2753 commemoravimus,
730 2686 891 2761 quasque
907 2649 1042 2776 {affin}

83 2767 182 2843 ratio
208 2766 316 2845 nobis
337 2766 488 2866 quidem
509 2767 648 2867 aperit,
689 2762 751 2840 sed
779 2762 893 2839 veluti
910 2797 1012 2857 animae

84 2866 266 2942 attonitos
287 2890 355 2943 nos
378 2866 558 2963 relinquit.
616 2863 781 2940 Primum
803 2861 892 2937 dum
911 2878 1022 2949 nostra,
1040 2890 1078 2943 ae

85 2964 395 3042 inmortalitatem
412 2968 542 3043 animae
557 2984 657 3039 extra
665 2962 819 3039 dubium
827 2986 895 3059 po·
911 2960 1011 3057 {tatum
1028 2960 1077 3055 i!-

86 3065 265 3160 ninculus
273 3086 435 3142 naturam
445 3062 690 3140 nemomelius
702 3086 896 3163 argumen-
912 3041 968 3136 ¹¹¹¹?
985 3040 1080 3101 ΗΜ·

85 3163 132 3239 tis
157 3158 378 3243 suafibilibus
402 3160 649 3242 demonstrare
669 3160 817 3263 potest,-
848 3180 898 3235 at·
912 3138 1077 3188 ‘amm'

83 3284 159 3361 que
176 3287 410 3363 quaecunque
449 3262 599 3362 quidem
641 3255 898 3360 producuntur

85 3358 161 3438 boc
176 3367 337 3441 maxime
352 3368 549 3452 evincunt,
570 3384 640 3436 nos
649 3378 813 3435 naturam
825 3359 903 3434 ani-

83 3486 157 3539 mae
173 3488 251 3541 non
267 3462 351 3541 satis
369 3461 595 3578 perspeilam
612 3458 765 3535 habere:
806 3480 903 3529 con..

82 3558 108 3639 s
145 3588 279 3643 uenter
311 3562 339 3640 st
393 3565 432 3639 ui
459 3560 583 3637 idonei
613 3559 778 3636 auilores
810 3557 901 3632 certi

157 3668 165 3681 '
204 3659 349 3771 'aliqud
364 3588 413 3747 ie
445 3662 513 3741 ltac
543 3684 584 3738 te
602 3657 769 3742 afferant,
811 3646 904 3731 illud

513 3758 546 3843 F
739 3750 881 3861 nnple-
