2302 4184
935 280 959 309 ἱ

145 554 149 561 ,
192 422 622 549 tonueruoodoue
656 489 797 551 erre.
848 484 921 567 567

92 634 282 715 hebentes.
333 633 434 712 Cum
460 635 530 735 pii,
570 635 646 714 &S
675 636 798 712 iritum
815 635 904 715 DEI

94 734 269 813 habentes
283 736 460 833 patienter
483 735 608 833 potius
648 733 823 814 offerrent
848 739 905 812 in-

92 835 344 939 justemetiam
357 837 905 936 excommunicationemunm

92 958 135 1014 ut
151 932 359 1011 drotitorem
375 930 599 1025 desererent,
624 959 751 1037 pucenr
765 937 804 1017 dt
819 938 903 1012 uni-

92 1056 204 1116 tatem
218 1033 430 1111 scinderent.
490 1032 625 1131 Neque
648 1032 777 1111 desunt
806 1038 905 1134 ejus-

93 1133 397 1233 rnodiexemplo,
429 1135 468 1212 dt
494 1133 564 1211 'ern
586 1133 675 1210 olion
701 1136 737 1214 S.
754 1137 904 1213 Aaou

91 1257 258 1314 seruos
277 1233 429 1310 notovit.
478 1159 565 1334 sape
580 1237 718 1323 etratu,'
774 1238 903 1329 uina),
992 1243 1024 1305 ι

81 1335 173 1440 finit
189 1331 309 1412 drotoa
376 1329 546 1410 euidentia
649 1358 715 1408 non
785 1359 822 1411 as
845 1340 901 1411 nr'·

94 1438 201 1513 urium
224 1433 326 1512 turbu
340 1451 431 1509 entat
454 1456 557 1508 carna
568 1437 640 1509 ium
656 1431 826 1509 bortunurrr
841 1430 901 1539 se.

92 1532 233 1612 ditiones
248 1529 367 1636 expelli
388 1531 428 1608 de
446 1537 691 1638 congregatione
712 1528 901 1637 christiana,

90 1637 192 1711 etiarn
214 1638 306 1711 vitot
321 1631 440 1721 tonos,
457 1632 795 1736 quumcontumebiam
819 1661 898 1711 uum

90 1758 168 1811 trem
182 1728 409 1844 patierrttffine
422 1751 486 1835 pro
500 1731 629 1836 eccbestae
638 1751 721 1834 pace
839 1740 897 1825 'r,

92 1857 193 1937 neque
215 1833 299 1911 ullus
327 1837 508 1924 novitates,
544 1833 601 1910 vel
629 1829 821 2010 {thesmuth
843 1833 901 1910 vel

90 1930 211 2035 barestt
233 1934 343 2011 moliti
355 1932 521 2030 fuerint,
553 1931 630 2009 dote
651 1951 714 2009 unt
745 1929 900 2020 bontines,

115 2061 191 2111 unm
214 2060 292 2110 vero
322 2060 344 2106 a
371 2030 441 2106 edu
453 2083 464 2118 ,
503 2035 546 2119 εἴ
592 2051 697 2107 uanto
727 2030 901 2110 obauratis

76 2059 271 2238 bucentate
289 2134 328 2206 D
361 2131 395 2203 0
414 2123 549 2232 serviere
573 2156 629 2204 urn
637 2129 702 2230 stt.
758 2128 899 2208 Talium

90 2257 166 2336 ergo
185 2235 339 2305 virorum
363 2224 568 2328 proptfitum
589 2225 648 2329 est,
684 2246 745 2302 nur
795 2229 901 2307 edatis

88 2354 232 2410 remeare
255 2327 460 2416 turbinibus,
483 2345 545 2400 uut
553 2323 596 2427 st
612 2324 653 2401 to
669 2349 736 2399 uon
769 2346 898 2417 rnatur,

88 2431 144 2508 oei
168 2425 279 2507 eadem
304 2424 488 2529 tempestate
500 2418 743 2531 perseverante,
780 2425 835 2504 oei
858 2451 900 2503 ne

80 2526 147 2640 suo
172 2524 284 2607 reditu
310 2525 389 2604 tubis
417 2544 479 2603 aut
499 2519 624 2628 sevior
652 2530 810 2614 oriatur,
850 2545 902 2602 te-

89 2650 171 2708 nent
193 2627 400 2706 voluntatem
419 2623 606 2730 consuendo·
625 2631 729 2702 etiarn
752 2630 797 2705 eir
812 2623 901 2729 ipstr,

110 2754 228 2808 uorum
249 2725 418 2814 motibus,
438 2720 807 2830 perturbationibusque
831 2725 898 2831 ces-

79 2757 202 2936 berron
218 2884 228 2917 ‚
244 2827 320 2928 stne
342 2826 410 2902 uba
434 2822 900 2933 cotnrmtieuiorurusegregu-

89 2936 179 3013 tione
204 2927 364 3032 usquead
383 2944 523 3003 mortem
542 2924 582 3001 de
598 2925 765 3017 eudentet,
790 2932 834 3017 {t
849 2945 900 3002 te-

80 3031 239 3137 stimonio
259 3026 416 3135 juvantes
432 3052 503 3103 earn
523 3029 629 3202 §oum
644 3025 773 3128 fldem,
796 3051 899 3129 quant

89 3136 128 3211 t'n
145 3126 268 3230 eeeiesta
281 3125 523 3300 earbobicussre
545 3128 629 3203 tcart'
645 3123 771 3226 sciunt.
827 3127 900 3202 Hor
990 3134 992 3141 '

90 3247 227 3310 coronat
251 3231 288 3302 in
305 3225 429 3302 occuito
475 3244 548 3301 ater
571 3229 609 3302 r‘n
630 3225 755 3302 occuito
770 3224 905 3303 ottone.

91 3333 228 3409 Rarum
251 3325 321 3402 hoc
337 3324 639 3427 videtur-genus,
690 3323 751 3402 sed
778 3349 901 3402 tomen

90 3426 256 3528 exempla
286 3450 362 3501 non
384 3424 523 3503 desunt.
592 3426 743 3502 Horum
779 3427 901 3517 iraque

90 3527 300 3628 exemplum
334 3525 537 3602 morenos
574 3523 677 3625 sequi
713 3521 902 3615 debuisset,

505 3625 581 3702 Nn
606 3650 633 3722 4
813 3627 853 3706 dt

183 3770 232 3849 (u)
254 3768 299 3833 De
318 3789 387 3834 veta
401 3768 497 3850 Reiig„
520 3789 547 3835 e.
560 3788 589 3851 7.
