2302 4184
855 350 868 383 l.

485 382 492 397 ι

53 512 57 522 ’
117 482 138 614 s
192 526 797 669 aaaasauactssascsv.
840 554 921 634 707

103 695 325 776 Trinitatem
343 690 587 777 confitentius
616 694 665 773 de
687 697 842 778 ceclefiae
861 724 924 782 au.

104 819 181 876 tem
196 794 403 874 defesiione
425 793 560 886 sciscit,
577 821 666 873 -eam
680 798 762 898 post
772 804 921 883 tertium

64 958 69 967 .
103 895 278 975 saeculum
292 897 485 996 corrumpi
503 893 678 997 coepillc:
721 899 759 974 in
776 902 922 999 quinto,

103 995 234 1083 sexto,
272 992 487 1096 &septimo
507 993 579 1074 ado
607 993 691 1074 tasse
713 996 921 1086 divinitates
988 1060 991 1065 -
1070 982 1093 1017 “

104 1095 254 1174 secundi
270 1094 438 1186 ordinis,
455 1092 566 1174 adora
594 1123 615 1173 e
640 1097 831 1197 reliquias,
863 1102 919 1179 fe-

105 1194 189 1274 cisse
209 1197 404 1298 imagines,
424 1192 462 1271 se
511 1193 675 1305 aestuasse
704 1222 828 1277 coram
853 1205 919 1305 eis,
985 1212 988 1221 '

106 1299 215 1375 etiam
233 1298 271 1371 in
269 1220 624 1471 u{inglstasfngdtetme
637 1295 768 1374 fasiana
770 1297 861 1478 ἑῆς
866 1326 921 1476 ff·

174 1421 241 1484 m,
328 1422 348 1469 e
476 1443 487 1484 2
576 1420 742 1488 ormem,
828 1424 863 1476 nl
892 1426 922 1477 l·

147 1500 269 1572 minus
310 1494 431 1571 adhue
476 1492 664 1594 perstitisse
706 1499 923 1578 viventemt

105 1618 189 1674 tum
205 1591 358 1672 divisam
376 1588 447 1670 esse
468 1593 651 1674 ecclesiam
665 1593 808 1675 induas
839 1624 924 1700 par·

108 1718 188 1786 tes,
223 1695 395 1772 Graecant
427 1695 469 1774 ὰ
497 1695 690 1773 Latinam:
726 1696 923 1797 postquam

108 1796 241 1875 Gratca
267 1815 348 1873 ante
371 1792 445 1872 hoc
462 1818 640 1898 magnum
671 1790 821 1873 schisma
849 1798 924 1896 jam

78 1988 82 1993 Ι
106 1895 288 1974 subdivisa
320 1893 439 1971 fuisset
456 1898 494 1971 in
523 1892 789 1984 Nestorianos,
818 1894 926 1975 Euti-

107 1996 260 2073 chianos
282 1996 320 2073 &
343 1993 555 2071 -Melchitos
583 1997 654 2073 &n
692 2029 695 2034 *
727 1991 853 2073 Latina
883 1998 922 2074 in

107 2094 278 2196 Papisius,
295 2089 523 2183 waldenses,
548 2089 728 2183 Huffitas,
748 2093 925 2174 Luthera·
1008 2138 1011 2143 ·

109 2218 198 2283 nos,
226 2188 460 2281 Calvinistas,
487 2189 737 2291 Anabaptistas
765 2191 944 2273 successu,

110 2311 324 2392 temporum
344 2290 386 2367 sat
404 2283 565 2369 discilla':
587 2313 705 2367 errare
720 2310 840 2369 tamen
858 2293 925 2391 qui

138 2410 260 2481 utent,
287 2390 353 2469 has
376 2386 487 2468 seiles
504 2387 654 2491 prorsus
676 2388 809 2494 rupisse
836 2416 926 2470 cum

108 2416 226 2668 Ϊῗῑῗϋ
236 2489 406 2582 Christo,
429 2488 520 2569 dum
532 2513 666 2592 rupere
674 2516 761 2569 cum
777 2490 854 2573 aliis
868 2517 926 2571 ec·

109 2612 235 2671 cens.

162 2724 230 2806 ΙΙΙ.
253 2719 366 2802 Nulu
393 2742 558 2822 unquam
578 2744 619 2799 te
646 2720 764 2900 maffia
785 2720 922 2815 incitas,
938 2732 1083 2803 Confuta-

110 2826 151 2907 &
169 2823 371 2931 angustias,
393 2823 437 2901 ad
453 2818 548 2922 ‘quas
565 2821 647 2899 sunt
663 2850 702 2900 re
729 2821 797 2902 asii
814 2825 853 2900 in
871 2846 924 2899 at-
937 2832 993 2884 tur.

112 2928 226 3003 titulo
252 2920 482 3011 deecclesia,
509 2921 777 3023 prodiderunt,
810 2945 924 3023 quant

113 3024 189 3103 hoc
207 3051 226 3104 a
243 3023 349 3118 Junto
376 3024 589 3140 excogitato
614 3021 754 3128 effugio
771 3020 819 3099 de
840 3024 925 3100 arti-

112 3124 202 3203 culis
226 3120 584 3201 fundamentalibus:
608 3122 768 3222 quaeest
793 3123 924 3225 opinio

114 3229 123 3246 ⁸
154 3245 241 3302 nota
256 3223 429 3300 omnibus
442 3243 543 3299 retro
565 3220 701 3302 saeculis
719 3227 757 3300 in
772 3220 927 3311 ecclesia,

112 3249 181 3403 llis
199 3327 307 3400 etiam
316 3323 561 3422 temporibus,
578 3346 661 3420 quae
679 3344 850 3424 tanquam
860 3346 927 3422 pu-

66 3483 69 3487 «
111 3450 152 3502 ra
187 3421 433 3526 agnoscuntur
450 3421 494 3500 ab
514 3420 731 3501 adversariis.
781 3423 927 3522 Quam-

113 3524 244 3601 obrem
267 3546 314 3597 eo
332 3517 439 3621 ipso,
487 3522 572 3620 quia
600 3520 691 3601 hanc
713 3521 927 3600 sententiam

113 3647 303 3714 nunquam
320 3621 462 3702 ecclesia
479 3619 576 3697 susce
604 3624 650 3713 it,
665 3623 799 3702 cadunt
821 3619 924 3698 causa

113 3722 279 3828 ejusdem
294 3720 522 3809 defensores,
548 3648 828 3826 asenoteaque,
852 3745 930 3799 ma·
1084 3760 1088 3764 ·

455 3821 666 3947 ‘Yya.
781 3824 888 3901 sime
