2302 4184
219 519 350 577 ΠΜ
368 518 659 582 urrunnun.
685 528 716 586 e.
734 524 785 588 lx.
842 529 910 589 10!

103 666 158 749 sas
172 663 348 747 extollere
367 665 411 743 ad
431 668 687 746 conciliandam
702 668 849 750 lefloris
866 669 912 749 fi.
1058 733 1064 751 .

105 768 204 847 dent
238 766 320 870 Qri
351 765 534 845 charadler
552 769 648 870 apud
670 793 801 848 omnes
819 796 911 870 qua·
1099 842 1103 855 .

101 891 192 946 tuor
205 866 439 970 evangelistas
455 869 622 966 quamvis
642 869 790 947 diversis
816 892 911 948 tenn-
1065 952 1085 975 ἡ
1124 942 1128 957 ,

101 969 259 1070 poribus
272 971 310 1047 δι
328 965 575 1045 occasionibus
597 967 819 1070 scripserint,
857 995 911 1047 ee-

101 1067 258 1166 qualiter
271 1090 391 1146 tamen
407 1068 601 1166 reperitur,
622 1072 710 1165 quin
730 1072 855 1166 potius
867 1071 907 1147 in

100 1166 437 1269 contemptibilibus
454 1167 562 1243 rebus
583 1193 623 1245 ac
636 1164 837 1245 defeuibus
860 1167 910 1245 de

99 1266 138 1344 se
155 1266 242 1369 ipfis
266 1270 304 1346 dr
323 1264 430 1342 sociis
449 1265 648 1343 referendis
671 1289 910 1441 occupantur,

98 1363 296 1464 quomodo
320 1388 406 1441 eum
435 1361 657 1444 deseruerint
679 1391 756 1468 prae
771 1387 908 1458 entem,

96 1488 172 1567 pro
199 1488 279 1563 quo
306 1485 426 1543 tamen
456 1466 641 1555 abeunte,
690 1490 732 1542 ac
752 1487 906 1543 mortuo

97 1561 225 1663 postet
251 1562 328 1642 dira
345 1565 468 1643 omnia
501 1589 542 1642 ac
564 1587 723 1643 mortem
744 1565 904 1668 pertule-

95 1682 197 1743 runt.
236 1741 242 1749 ,

143 1799 230 1878 Vll.
253 1797 410 1877 Sumunt
434 1786 583 1972 'quidem
608 1794 695 1876 hinc
715 1800 822 1878 etianr
842 1823 903 1878 ou
916 1815 1070 1899 Quidquid

93 1898 278 1979 oefionem
297 1923 435 2013 'carpen
464 1900 474 1972 i
509 1896 654 2001 maligni
687 1901 725 1979 ἃ
742 1899 900 2002 superbi,
917 1903 1035 1980 maligni

92 2022 329 2103 quecunque
362 1998 616 2077 contemtibilla
654 2002 839 2118 reperiunt
861 2003 900 2078 in
915 2003 1019 2084 ΨΜ

92 2099 364 2178 commentariis
395 2099 485 2173 novi
506 2098 704 2175 testamenti
735 2125 773 2176 tn
802 2086 899 2178 deriss
915 2086 1051 2134 utantur.
1102 2120 1106 2132 ·

90 2198 173 2277 sunt
193 2198 233 2278 ἃ
255 2199 477 2296 vituperium
499 2199 696 2297 capientes,
733 2198 846 2297 ipsam
861 2227 900 2278 e·

90 2302 179 2378 tiam
191 2297 430 2374 humilitatem
451 2293 567 2371 divini
587 2297 708 2385 verbi,
737 2298 839 2396 quod
861 2299 900 2379 se

89 2396 209 2498 usque
242 2395 286 2489 ad
314 2393 628 2485 contemtilsrrnam
654 2416 811 2472 mortem
835 2396 900 2475 de.
970 2482 973 2489 Ι

89 2501 237 2575 mittere
261 2508 264 2516 ’
286 2493 383 2572 haud
424 2494 642 2571 dubitaverit
688 2494 900 2578 cavillantes.

88 2595 162 2676 Sed
175 2621 264 2674 curn
279 2594 360 2671 hare
377 2596 500 2673 omnia
519 2619 598 2670 non
616 2593 758 2672 aliunde
787 2618 900 2693 quarn

89 2697 270 2774 relatione
286 2695 503 2798 scriptorum
523 2691 706 2771 sacrorum
734 2693 900 2784 habeant,

89 2820 157 2873 eur
182 2792 360 2883 credunt,
384 2818 467 2894 quae
486 2792 524 2868 bi
540 2792 687 2871 humilia
707 2796 745 2872 dr
763 2792 901 2894 abjeua

89 2895 268 2982 scribunt,
288 2895 325 2971 dr
345 2918 420 2971 non
438 2895 545 2969 etiam
561 2918 644 2993 quae
666 2888 837 2973 mirabilia
858 2897 897 2973 ἃ

91 2991 256 3071 excelsa?
288 2992 412 3090 ltaque
429 2995 583 3090 quinon
605 2991 813 3070 dubitarunt
835 2994 898 3070 ab·

88 3092 275 3194 jeelillinta
299 3116 456 3189 queque
480 3094 518 3168 in
547 3094 621 3169 vita
642 3090 907 3170 CHRISTIw

88 3192 310 3277 describere,
333 3189 444 3265 fidem
465 3193 591 3290 utique
619 3195 729 3268 etiarn
751 3214 896 3267 meren·
1056 3196 1064 3208 '

88 3292 254 3408 tun-ubi
278 3289 323 3366 de
352 3289 446 3365 illius
464 3291 639 3406 potestate
661 3292 713 3406 br·
727 3288 895 3390 magnifi-

86 3388 896 3604 ulturus·nlulllluussldtlu

85 3592 277 3670 collatione
296 3589 480 3688 aequaliter
498 3611 630 3691 agunt,
673 3611 717 3665 ut
732 3587 791 3663 vel
802 3582 897 3662 rnde

80 3714 201 3796 patet,
231 3687 341 3794 quod
371 3685 535 3766 infideles
568 3692 605 3769 ut
625 3684 801 3766 increduli
823 3704 895 3786 pro

485 3785 566 3881 Ga
737 3809 849 3897 argu·
