2302 4184
94 458 97 463 Ι
174 508 274 577 422¹
349 456 853 579 utrumnum

190 650 328 743 christi
340 655 594 736 conditionem
619 653 665 735 od
694 652 774 731 hore
802 655 1005 756 prestanda

54 844 58 857 ,
132 756 140 767 “
176 778 428 863 sontuentes,
453 758 556 860 spem
569 754 1005 856 omnemobjiciuntprae-

166 864 402 957 vtt'eruoucor
413 858 465 955 Jo
477 882 535 934 nu
546 878 621 933 urs
638 854 844 957 discipulos,
865 856 1003 937 Christi

188 954 316 1061 poster
331 956 530 1057 apostoios.
580 957 693 1060 Qros
710 957 818 1035 etiarn
839 960 1003 1056 primum

191 1054 366 1156 udlonu
378 1054 628 1134 unnremifit
647 1055 691 1134 ed
704 1054 1003 1137 fustrminterro·

73 1172 106 1228 Ι.
188 1159 399 1261 gerionem,
424 1162 478 1250 (a)
504 1180 595 1232 num
613 1153 690 1256 ipse
704 1152 808 1247 effer,
831 1156 896 1257 qui
911 1184 1005 1234 ven·

191 1278 299 1336 turus
315 1256 396 1348 est,
420 1277 462 1333 ut
479 1256 743 1355 renuntiarent,
765 1280 882 1337 caecos
898 1257 1003 1335 vide-

187 1374 251 1449 re,
274 1354 425 1434 claudos
443 1354 645 1441 ambulare,
670 1355 836 1456 leprosos
847 1355 1002 1436 munda-

188 1452 244 1550 ri,
266 1452 397 1534 surdos
415 1454 568 1545 audire,
610 1478 780 1532 mortuos
801 1455 1000 1573 resurgere,

188 1558 229 1635 ἃ
248 1580 426 1656 properes
439 1578 531 1634 evnn
579 1553 700 1631 lizrrir
727 1556 860 1654 quibus
888 1582 922 1633 er
944 1557 1002 1635 di·

187 1652 216 1733 s
255 1652 458 1732 nsntionent
472 1658 537 1731 mii
552 1657 648 1730 tonis
670 1652 744 1730 suae
763 1680 915 1733 omnem
938 1656 1002 1734 de·

224 1757 338 1832 aravit
354 1805 366 1845 ,
389 1780 460 1855 qur
476 1753 638 1831 mundus
654 1752 697 1829 ad
706 1752 892 1832 Christum
910 1782 1002 1833 con-

189 1852 317 1932 versus
331 1850 412 1944 est,
452 1877 572 1953 quave
596 1851 751 1951 apostoli
774 1879 859 1929 eum
887 1854 1001 1933 securi

186 1954 290 2040 funt,
311 1954 483 2054 paulatim
505 1954 623 2030 exutis
652 1954 868 2054 prejudiciis
894 1958 1001 2033 avitis

187 2050 236 2129 de
254 2076 400 2131 terreno
414 2052 600 2141 dominic,
633 2053 736 2151 eujus
753 2050 816 2154 spe
836 2055 1001 2152 primum

186 2154 425 2245 tenebantur,
450 2156 488 2232 ἃ
507 2148 698 2253 magnifice
722 2156 862 2251 quaevis
891 2156 928 2228 in
951 2179 1000 2231 eo

186 2250 253 2329 fibi
267 2250 453 2354 fingebant
466 2255 610 2338 munia,
647 2276 725 2327 non
749 2250 824 2329 fine
844 2274 1001 2330 conten·

185 2351 351 2430 tionibus
365 2354 403 2431 ἃ
419 2350 709 2428 aemulationibus
724 2354 882 2441 mutuis,
907 2351 999 2430 dum

154 2542 158 2550 ,
185 2448 340 2528 demum
358 2476 424 2554 per
440 2473 599 2528 mortem
615 2448 762 2528 Christo
787 2454 911 2531 omnio
932 2452 997 2533 aliu

187 2551 350 2629 occidere
364 2552 558 2639 viderent;
588 2548 725 2650 sibique
752 2550 900 2652 proedici
917 2578 995 2628 cer-

186 2673 329 2753 nerent.
370 2651 487 2751 Igitur
506 2674 603 2727 nova
629 2649 691 2752 spe
714 2650 823 2729 eresti
844 2676 921 2726 non
938 2650 999 2728 so-

168 2749 266 2843 'lunt
281 2775 436 2837 vanarn,
473 2750 605 2826 terreni
623 2751 844 2853 principatus
858 2751 1000 2850 abjece-

184 2870 274 2927 runt
294 2848 619 2952 exspectationem
642 2849 893 2928 verumetiam
928 2876 999 2927 rae·

184 2948 320 3068 judicia
345 2951 500 3041 omnir,
525 2949 657 3048 quibus
669 2974 735 3026 eos
749 2950 843 3029 avito
865 2877 997 3052 reiigio

183 3050 387 3142 imbuebat,
408 3072 515 3149 utque
534 3047 656 3129 sensus
680 3050 843 3128 animum
866 3053 907 3132 δι
930 3075 998 3131 cot

184 3152 340 3253 penitus·
361 3171 572 3251 occuparat,
597 3151 671 3227 ciro
689 3151 884 3251 abjiciunt,
915 3176 995 3229 non

182 3248 348 3328 obstante
363 3248 622 3329 educatione&
638 3249 898 3327 consuetudine
917 3252 997 3327 ino-

181 3346 244 3427 lito
279 3348 376 3448 opud
405 3375 470 3427 eos
497 3350 690 3451 plerosque
712 3348 835 3442 senes,
865 3351 997 3450 quiin

185 3446 384 3526 retinendis
407 3450 475 3527 illis
493 3453 691 3527 tenaciores
714 3448 817 3540 sunt,
851 3474 936 3549 quae
956 3448 994 3527 se

181 3542 359 3629 diuturno
379 3548 446 3627 usu
464 3551 605 3652 pietatis
620 3552 658 3631 ἃ
676 3550 861 3657 religionis
877 3548 998 3652 specie

838 3674 946 3731 mm.-

225 3748 228 3753 ’
274 3759 436 3847 (o)⁴Mutt.
449 3762 505 3831 XI.
529 3768 558 3846 3.
581 3766 637 3833 &u
679 3774 685 3787 '
