<?xml version="1.0" encoding="UTF-8"?>
<!DOCTYPE html PUBLIC "-//W3C//DTD XHTML 1.0 Transitional//EN"
    "http://www.w3.org/TR/xhtml1/DTD/xhtml1-transitional.dtd">
<html xmlns="http://www.w3.org/1999/xhtml" xml:lang="en" lang="en">
 <head>
  <title>
</title>
<meta http-equiv="Content-Type" content="text/html;charset=utf-8" />
  <meta name='ocr-system' content='tesseract 3.04.00' />
  <meta name='ocr-capabilities' content='ocr_page ocr_carea ocr_par ocr_line ocrx_word'/>
</head>
<body>
  <div class='ocr_page' id='page_1' title='image "./demonstratiover00gerbgoog_0110.png"; bbox 0 0 2302 4184; ppageno 0'>
   <div class='ocr_carea' id='block_1_1' title="bbox 89 326 407 389">
    <p class='ocr_par' dir='ltr' id='par_1_1' title="bbox 89 326 407 389">
     <span class='ocr_line' id='line_1_1' title="bbox 89 326 93 339; baseline 0 0"><span class='ocrx_word' id='word_1_1' title='bbox 89 326 93 339; x_wconf 88' lang='grc' dir='ltr'>Ι</span> 
     </span>
     <span class='ocr_line' id='line_1_2' title="bbox 92 362 407 389; baseline -0.006 -12"><span class='ocrx_word' id='word_1_2' title='bbox 92 366 95 389; x_wconf 52' lang='grc' dir='ltr'><strong><em>ἶ</em></strong></span> <span class='ocrx_word' id='word_1_3' title='bbox 397 362 407 375; x_wconf 64' lang='grc' dir='ltr'>Ι</span> 
     </span>
    </p>
   </div>
   <div class='ocr_carea' id='block_1_2' title="bbox 94 438 913 575">
    <p class='ocr_par' dir='ltr' id='par_1_2' title="bbox 94 438 913 575">
     <span class='ocr_line' id='line_1_3' title="bbox 94 438 913 575; baseline -0.01 -22"><span class='ocrx_word' id='word_1_4' title='bbox 94 544 103 553; x_wconf 91' lang='grc'>.</span> <span class='ocrx_word' id='word_1_5' title='bbox 184 438 787 557; x_wconf 51' lang='grc' dir='ltr'>νιιιιειιοιοπιὲωιιι.</span> <span class='ocrx_word' id='word_1_6' title='bbox 858 483 913 575; x_wconf 68' lang='lat'>87</span> 
     </span>
    </p>
   </div>
   <div class='ocr_carea' id='block_1_3' title="bbox 83 628 901 1329">
    <p class='ocr_par' dir='ltr' id='par_1_3' title="bbox 83 628 901 1329">
     <span class='ocr_line' id='line_1_4' title="bbox 88 628 901 739; baseline -0.001 -27"><span class='ocrx_word' id='word_1_7' title='bbox 88 658 128 713; x_wconf 81' lang='lat' dir='ltr'>ac</span> <span class='ocrx_word' id='word_1_8' title='bbox 143 628 395 711; x_wconf 82' lang='lat' dir='ltr'>iu&#39;mundum</span> <span class='ocrx_word' id='word_1_9' title='bbox 420 629 511 709; x_wconf 89' lang='lat' dir='ltr'>illata</span> <span class='ocrx_word' id='word_1_10' title='bbox 538 629 622 717; x_wconf 86' lang='lat' dir='ltr'>lint,</span> <span class='ocrx_word' id='word_1_11' title='bbox 661 631 748 711; x_wconf 93' lang='lat' dir='ltr'>hinc</span> <span class='ocrx_word' id='word_1_12' title='bbox 784 658 901 739; x_wconf 75' lang='lat' dir='ltr'>parete</span> 
     </span>
     <span class='ocr_line' id='line_1_5' title="bbox 88 729 901 833; baseline 0.004 -20"><span class='ocrx_word' id='word_1_13' title='bbox 88 737 261 813; x_wconf 90' lang='lat' dir='ltr'>nimirum</span> <span class='ocrx_word' id='word_1_14' title='bbox 275 730 393 807; x_wconf 90' lang='lat' dir='ltr'>homo</span> <span class='ocrx_word' id='word_1_15' title='bbox 408 729 575 807; x_wconf 90' lang='lat' dir='ltr'>duminio</span> <span class='ocrx_word' id='word_1_16' title='bbox 588 732 670 830; x_wconf 88' lang='lat' dir='ltr'>jure</span> <span class='ocrx_word' id='word_1_17' title='bbox 687 734 848 833; x_wconf 85' lang='lat' dir='ltr'>privatus</span> <span class='ocrx_word' id='word_1_18' title='bbox 861 741 901 817; x_wconf 92' lang='lat' dir='ltr'>in</span> 
     </span>
     <span class='ocr_line' id='line_1_6' title="bbox 86 828 899 934; baseline 0.001 -22"><span class='ocrx_word' id='word_1_19' title='bbox 86 860 143 912; x_wconf 90' lang='lat' dir='ltr'>res</span> <span class='ocrx_word' id='word_1_20' title='bbox 157 834 269 933; x_wconf 83' lang='lat' dir='ltr'>hujus</span> <span class='ocrx_word' id='word_1_21' title='bbox 286 828 440 915; x_wconf 93' lang='lat' dir='ltr'>mundi,</span> <span class='ocrx_word' id='word_1_22' title='bbox 460 828 575 919; x_wconf 85' lang='lat' dir='ltr'>adse,</span> <span class='ocrx_word' id='word_1_23' title='bbox 598 828 776 934; x_wconf 87' lang='lat' dir='ltr'>usumque</span> <span class='ocrx_word' id='word_1_24' title='bbox 792 835 899 917; x_wconf 88' lang='lat' dir='ltr'>suum</span> 
     </span>
     <span class='ocr_line' id='line_1_7' title="bbox 85 925 899 1033; baseline 0 -21"><span class='ocrx_word' id='word_1_25' title='bbox 85 933 307 1033; x_wconf 77' lang='lat' dir='ltr'>spellantes:</span> <span class='ocrx_word' id='word_1_26' title='bbox 331 952 412 1028; x_wconf 90' lang='lat' dir='ltr'>quo</span> <span class='ocrx_word' id='word_1_27' title='bbox 437 925 605 1008; x_wconf 92' lang='lat' dir='ltr'>dominio</span> <span class='ocrx_word' id='word_1_28' title='bbox 634 956 805 1010; x_wconf 68' lang='lat' dir='ltr'>meamne</span> <span class='ocrx_word' id='word_1_29' title='bbox 841 954 899 1013; x_wconf 62' lang='lat' dir='ltr'>ta:</span> 
     </span>
     <span class='ocr_line' id='line_1_8' title="bbox 85 1031 899 1127; baseline 0.001 -15"><span class='ocrx_word' id='word_1_30' title='bbox 85 1032 230 1113; x_wconf 86' lang='lat' dir='ltr'>tionalis</span> <span class='ocrx_word' id='word_1_31' title='bbox 249 1033 288 1107; x_wconf 89' lang='lat' dir='ltr'>iu</span> <span class='ocrx_word' id='word_1_32' title='bbox 301 1050 480 1105; x_wconf 86' lang='lat' dir='ltr'>creaturas</span> <span class='ocrx_word' id='word_1_33' title='bbox 503 1031 722 1109; x_wconf 75' lang='lat' dir='ltr'>irrationales</span> <span class='ocrx_word' id='word_1_34' title='bbox 746 1034 899 1127; x_wconf 84' lang='lat' dir='ltr'>sublato,</span> 
     </span>
     <span class='ocr_line' id='line_1_9' title="bbox 83 1124 900 1229; baseline 0 -18"><span class='ocrx_word' id='word_1_35' title='bbox 83 1132 181 1211; x_wconf 87' lang='lat' dir='ltr'>ordo</span> <span class='ocrx_word' id='word_1_36' title='bbox 194 1134 233 1209; x_wconf 87' lang='lat' dir='ltr'>in</span> <span class='ocrx_word' id='word_1_37' title='bbox 246 1130 303 1207; x_wconf 84' lang='lat' dir='ltr'>his</span> <span class='ocrx_word' id='word_1_38' title='bbox 322 1124 449 1215; x_wconf 82' lang='lat' dir='ltr'>uellet,</span> <span class='ocrx_word' id='word_1_39' title='bbox 470 1152 641 1229; x_wconf 81' lang='lat' dir='ltr'>oportet,</span> <span class='ocrx_word' id='word_1_40' title='bbox 665 1154 706 1208; x_wconf 84' lang='lat' dir='ltr'>tc</span> <span class='ocrx_word' id='word_1_41' title='bbox 721 1134 900 1229; x_wconf 88' lang='lat' dir='ltr'>turbetur,</span> 
     </span>
     <span class='ocr_line' id='line_1_10' title="bbox 83 1225 896 1329; baseline 0.002 -19"><span class='ocrx_word' id='word_1_42' title='bbox 83 1232 157 1310; x_wconf 90' lang='lat' dir='ltr'>hoc</span> <span class='ocrx_word' id='word_1_43' title='bbox 177 1228 252 1322; x_wconf 84' lang='lat' dir='ltr'>est,</span> <span class='ocrx_word' id='word_1_44' title='bbox 277 1228 369 1307; x_wconf 82' lang='lat' dir='ltr'>muln</span> <span class='ocrx_word' id='word_1_45' title='bbox 381 1225 527 1329; x_wconf 84' lang='lat' dir='ltr'>physica</span> <span class='ocrx_word' id='word_1_46' title='bbox 542 1227 631 1319; x_wconf 75' lang='lat' dir='ltr'>snt,</span> <span class='ocrx_word' id='word_1_47' title='bbox 664 1254 707 1308; x_wconf 86' lang='lat' dir='ltr'>ac</span> <span class='ocrx_word' id='word_1_48' title='bbox 726 1230 896 1313; x_wconf 85' lang='lat' dir='ltr'>infestent</span> 
     </span>
    </p>
   </div>
   <div class='ocr_carea' id='block_1_4' title="bbox 84 1356 165 1411">
    <p class='ocr_par' dir='ltr' id='par_1_4' title="bbox 84 1356 165 1411">
     <span class='ocr_line' id='line_1_11' title="bbox 84 1356 165 1411; baseline 0 0"><span class='ocrx_word' id='word_1_49' title='bbox 84 1356 165 1411; x_wconf 76' lang='lat' dir='ltr'>nos·</span> 
     </span>
    </p>
   </div>
   <div class='ocr_carea' id='block_1_5' title="bbox 50 1465 1075 3832">
    <p class='ocr_par' dir='ltr' id='par_1_5' title="bbox 81 1465 1075 2861">
     <span class='ocr_line' id='line_1_12' title="bbox 133 1465 1052 1558; baseline -0.002 -14"><span class='ocrx_word' id='word_1_50' title='bbox 133 1466 198 1544; x_wconf 83' lang='lat' dir='ltr'>IX.</span> <span class='ocrx_word' id='word_1_51' title='bbox 218 1466 319 1543; x_wconf 86' lang='lat' dir='ltr'>Sicut</span> <span class='ocrx_word' id='word_1_52' title='bbox 336 1488 458 1542; x_wconf 89' lang='lat' dir='ltr'>autem</span> <span class='ocrx_word' id='word_1_53' title='bbox 472 1466 568 1542; x_wconf 88' lang='lat' dir='ltr'>nulla</span> <span class='ocrx_word' id='word_1_54' title='bbox 590 1468 699 1558; x_wconf 85' lang='lat' dir='ltr'>tatio,</span> <span class='ocrx_word' id='word_1_55' title='bbox 724 1489 787 1547; x_wconf 88' lang='lat' dir='ltr'>aut</span> <span class='ocrx_word' id='word_1_56' title='bbox 813 1465 895 1543; x_wconf 88' lang='lat' dir='ltr'>reli·</span> <span class='ocrx_word' id='word_1_57' title='bbox 908 1468 1052 1538; x_wconf 75' lang='lat' dir='ltr'>Remedia</span> 
     </span>
     <span class='ocr_line' id='line_1_13' title="bbox 83 1555 1075 1673; baseline -0.004 -28"><span class='ocrx_word' id='word_1_58' title='bbox 83 1570 151 1673; x_wconf 81' lang='lat' dir='ltr'>gio</span> <span class='ocrx_word' id='word_1_59' title='bbox 173 1590 323 1663; x_wconf 82' lang='lat' dir='ltr'>excepta</span> <span class='ocrx_word' id='word_1_60' title='bbox 339 1564 525 1643; x_wconf 83' lang='lat' dir='ltr'>christiana</span> <span class='ocrx_word' id='word_1_61' title='bbox 555 1566 737 1643; x_wconf 86' lang='lat' dir='ltr'>malorum</span> <span class='ocrx_word' id='word_1_62' title='bbox 759 1564 894 1643; x_wconf 87' lang='lat' dir='ltr'>horum</span> <span class='ocrx_word' id='word_1_63' title='bbox 909 1555 978 1618; x_wconf 79' lang='lat' dir='ltr'>item</span> <span class='ocrx_word' id='word_1_64' title='bbox 1000 1577 1075 1620; x_wconf 78' lang='lat' dir='ltr'>con.</span> 
     </span>
     <span class='ocr_line' id='line_1_14' title="bbox 82 1639 1030 1782; baseline -0.002 -38"><span class='ocrx_word' id='word_1_65' title='bbox 82 1690 217 1744; x_wconf 88' lang='lat' dir='ltr'>vetum</span> <span class='ocrx_word' id='word_1_66' title='bbox 235 1665 368 1742; x_wconf 89' lang='lat' dir='ltr'>indicat</span> <span class='ocrx_word' id='word_1_67' title='bbox 388 1664 530 1741; x_wconf 89' lang='lat' dir='ltr'>fontem</span> <span class='ocrx_word' id='word_1_68' title='bbox 549 1692 590 1741; x_wconf 89' lang='lat' dir='ltr'>ac</span> <span class='ocrx_word' id='word_1_69' title='bbox 607 1666 817 1767; x_wconf 84' lang='lat' dir='ltr'>originem,</span> <span class='ocrx_word' id='word_1_70' title='bbox 847 1668 894 1744; x_wconf 88' lang='lat' dir='ltr'>ita</span> <span class='ocrx_word' id='word_1_71' title='bbox 908 1639 1030 1782; x_wconf 60' lang='lat' dir='ltr'>tnlhaec</span> 
     </span>
     <span class='ocr_line' id='line_1_15' title="bbox 83 1740 1074 1867; baseline -0.003 -24"><span class='ocrx_word' id='word_1_72' title='bbox 83 1768 206 1843; x_wconf 89' lang='lat' dir='ltr'>multo</span> <span class='ocrx_word' id='word_1_73' title='bbox 225 1789 346 1840; x_wconf 82' lang='lat' dir='ltr'>minus</span> <span class='ocrx_word' id='word_1_74' title='bbox 372 1763 526 1852; x_wconf 87' lang='lat' dir='ltr'>docent,</span> <span class='ocrx_word' id='word_1_75' title='bbox 571 1765 766 1863; x_wconf 89' lang='lat' dir='ltr'>quomodo</span> <span class='ocrx_word' id='word_1_76' title='bbox 792 1766 894 1841; x_wconf 82' lang='lat' dir='ltr'>malis</span> <span class='ocrx_word' id='word_1_77' title='bbox 906 1740 1074 1867; x_wconf 56' lang='grc' dir='ltr'>Ξξζὴρῗ</span> 
     </span>
     <span class='ocr_line' id='line_1_16' title="bbox 84 1863 1065 1967; baseline 0.007 -23"><span class='ocrx_word' id='word_1_78' title='bbox 84 1867 141 1944; x_wconf 86' lang='lat' dir='ltr'>his</span> <span class='ocrx_word' id='word_1_79' title='bbox 160 1888 308 1967; x_wconf 88' lang='lat' dir='ltr'>paretur</span> <span class='ocrx_word' id='word_1_80' title='bbox 324 1863 471 1939; x_wconf 88' lang='lat' dir='ltr'>medela.</span> <span class='ocrx_word' id='word_1_81' title='bbox 522 1866 604 1942; x_wconf 91' lang='lat' dir='ltr'>Sola</span> <span class='ocrx_word' id='word_1_82' title='bbox 621 1866 751 1966; x_wconf 87' lang='lat' dir='ltr'>religio</span> <span class='ocrx_word' id='word_1_83' title='bbox 773 1864 893 1943; x_wconf 84' lang='lat' dir='ltr'>nostra</span> <span class='ocrx_word' id='word_1_84' title='bbox 907 1889 973 1949; x_wconf 83' lang='lat' dir='ltr'>nice</span> <span class='ocrx_word' id='word_1_85' title='bbox 994 1886 1065 1951; x_wconf 82' lang='lat' dir='ltr'>salu·</span> 
     </span>
     <span class='ocr_line' id='line_1_17' title="bbox 83 1962 987 2080; baseline -0.002 -37"><span class='ocrx_word' id='word_1_86' title='bbox 83 1966 223 2043; x_wconf 89' lang='lat' dir='ltr'>morbo</span> <span class='ocrx_word' id='word_1_87' title='bbox 236 1962 362 2080; x_wconf 79' lang='lat' dir='ltr'>nolltp</span> <span class='ocrx_word' id='word_1_88' title='bbox 375 1962 540 2079; x_wconf 82' lang='lat' dir='ltr'>salutares</span> <span class='ocrx_word' id='word_1_89' title='bbox 555 1962 753 2065; x_wconf 85' lang='lat' dir='ltr'>praescribit</span> <span class='ocrx_word' id='word_1_90' title='bbox 776 1964 893 2042; x_wconf 88' lang='lat' dir='ltr'>medi·</span> <span class='ocrx_word' id='word_1_91' title='bbox 906 1972 987 2035; x_wconf 74' lang='lat' dir='ltr'>uria,</span> 
     </span>
     <span class='ocr_line' id='line_1_18' title="bbox 86 2086 897 2154; baseline -0.009 -11"><span class='ocrx_word' id='word_1_92' title='bbox 86 2086 376 2154; x_wconf 83' lang='lat' dir='ltr'>ernas,conttaria</span> <span class='ocrx_word' id='word_1_93' title='bbox 395 2088 897 2143; x_wconf 81' lang='lat' dir='ltr'>nimirumcontrantscuran.</span> 
     </span>
     <span class='ocr_line' id='line_1_19' title="bbox 84 2162 897 2266; baseline 0 -23"><span class='ocrx_word' id='word_1_94' title='bbox 84 2166 163 2253; x_wconf 90' lang='lat' dir='ltr'>do,</span> <span class='ocrx_word' id='word_1_95' title='bbox 184 2162 388 2261; x_wconf 86' lang='lat' dir='ltr'>superbiam</span> <span class='ocrx_word' id='word_1_96' title='bbox 424 2162 642 2251; x_wconf 86' lang='lat' dir='ltr'>humilitate,</span> <span class='ocrx_word' id='word_1_97' title='bbox 659 2163 897 2266; x_wconf 76' lang='lat' dir='ltr'>cupiditatem</span> 
     </span>
     <span class='ocr_line' id='line_1_20' title="bbox 84 2261 896 2352; baseline 0 -11"><span class='ocrx_word' id='word_1_98' title='bbox 84 2265 320 2352; x_wconf 86' lang='lat' dir='ltr'>continentia,</span> <span class='ocrx_word' id='word_1_99' title='bbox 334 2264 467 2339; x_wconf 89' lang='lat' dir='ltr'>mentis</span> <span class='ocrx_word' id='word_1_100' title='bbox 475 2267 671 2339; x_wconf 80' lang='lat' dir='ltr'>caecitatem</span> <span class='ocrx_word' id='word_1_101' title='bbox 681 2261 896 2341; x_wconf 80' lang='lat' dir='ltr'>coelestidu·</span> 
     </span>
     <span class='ocr_line' id='line_1_21' title="bbox 82 2360 897 2461; baseline -0.016 -20"><span class='ocrx_word' id='word_1_102' title='bbox 82 2360 556 2452; x_wconf 64' lang='lat' dir='ltr'>&amp;tinasananswoluntatia</span> <span class='ocrx_word' id='word_1_103' title='bbox 573 2361 667 2437; x_wconf 78' lang='lat' dir='ltr'>refrt</span> <span class='ocrx_word' id='word_1_104' title='bbox 714 2364 802 2437; x_wconf 90' lang='lat' dir='ltr'>riam</span> <span class='ocrx_word' id='word_1_105' title='bbox 813 2388 897 2461; x_wconf 89' lang='lat' dir='ltr'>per.</span> 
     </span>
     <span class='ocr_line' id='line_1_22' title="bbox 81 2458 898 2540; baseline 0 -1"><span class='ocrx_word' id='word_1_106' title='bbox 81 2463 259 2540; x_wconf 89' lang='lat' dir='ltr'>vicaciam</span> <span class='ocrx_word' id='word_1_107' title='bbox 282 2460 378 2537; x_wconf 91' lang='lat' dir='ltr'>dulci</span> <span class='ocrx_word' id='word_1_108' title='bbox 416 2463 616 2539; x_wconf 87' lang='lat' dir='ltr'>amoris&amp;</span> <span class='ocrx_word' id='word_1_109' title='bbox 676 2458 898 2540; x_wconf 71' lang='lat' dir='ltr'>elestationis</span> 
     </span>
     <span class='ocr_line' id='line_1_23' title="bbox 83 2556 898 2665; baseline -0.005 -27"><span class='ocrx_word' id='word_1_110' title='bbox 83 2586 182 2665; x_wconf 91' lang='lat' dir='ltr'>potu</span> <span class='ocrx_word' id='word_1_111' title='bbox 206 2561 441 2651; x_wconf 77' lang='lat' dir='ltr'>demulcens,</span> <span class='ocrx_word' id='word_1_112' title='bbox 480 2560 592 2659; x_wconf 87' lang='lat' dir='ltr'>idque</span> <span class='ocrx_word' id='word_1_113' title='bbox 620 2584 687 2661; x_wconf 90' lang='lat' dir='ltr'>pet</span> <span class='ocrx_word' id='word_1_114' title='bbox 710 2556 898 2636; x_wconf 83' lang='lat' dir='ltr'>saluberri-</span> 
     </span>
     <span class='ocr_line' id='line_1_24' title="bbox 82 2656 895 2761; baseline -0.007 -23"><span class='ocrx_word' id='word_1_115' title='bbox 82 2686 193 2738; x_wconf 90' lang='lat' dir='ltr'>mum</span> <span class='ocrx_word' id='word_1_116' title='bbox 216 2660 417 2737; x_wconf 83' lang='lat' dir='ltr'>remedium</span> <span class='ocrx_word' id='word_1_117' title='bbox 434 2660 615 2737; x_wconf 86' lang='lat' dir='ltr'>efficacem</span> <span class='ocrx_word' id='word_1_118' title='bbox 635 2685 656 2736; x_wconf 86' lang='lat' dir='ltr'>a</span> <span class='ocrx_word' id='word_1_119' title='bbox 679 2659 792 2761; x_wconf 84' lang='lat' dir='ltr'>gratia</span> <span class='ocrx_word' id='word_1_120' title='bbox 807 2656 895 2757; x_wconf 82' lang='lat' dir='ltr'>DEI</span> 
     </span>
     <span class='ocr_line' id='line_1_25' title="bbox 82 2759 897 2861; baseline -0.009 -23"><span class='ocrx_word' id='word_1_121' title='bbox 82 2760 418 2861; x_wconf 82' lang='lat' dir='ltr'>perCurrsruiu</span> <span class='ocrx_word' id='word_1_122' title='bbox 435 2759 649 2837; x_wconf 80' lang='lat' dir='ltr'>medicinam</span> <span class='ocrx_word' id='word_1_123' title='bbox 667 2786 680 2853; x_wconf 93' lang='lat'>‚·</span> <span class='ocrx_word' id='word_1_124' title='bbox 695 2780 763 2859; x_wconf 88' lang='lat' dir='ltr'>per</span> <span class='ocrx_word' id='word_1_125' title='bbox 782 2780 897 2856; x_wconf 90' lang='lat' dir='ltr'>quem</span> 
     </span>
    </p>

    <p class='ocr_par' dir='ltr' id='par_1_6' title="bbox 50 2858 902 3832">
     <span class='ocr_line' id='line_1_26' title="bbox 50 2858 897 2958; baseline -0.011 -19"><span class='ocrx_word' id='word_1_126' title='bbox 50 2912 56 2925; x_wconf 90' lang='lat'><strong>·</strong></span> <span class='ocrx_word' id='word_1_127' title='bbox 84 2864 124 2939; x_wconf 75' lang='grc' dir='ltr'><strong>ἃ</strong></span> <span class='ocrx_word' id='word_1_128' title='bbox 146 2858 256 2937; x_wconf 81' lang='grc' dir='ltr'>1)Εο</span> <span class='ocrx_word' id='word_1_129' title='bbox 276 2861 570 2948; x_wconf 83' lang='lat' dir='ltr'>reconciliemur,</span> <span class='ocrx_word' id='word_1_130' title='bbox 594 2885 639 2935; x_wconf 87' lang='lat' dir='ltr'>nc</span> <span class='ocrx_word' id='word_1_131' title='bbox 656 2859 897 2958; x_wconf 79' lang='lat' dir='ltr'>captivemur</span> 
     </span>
     <span class='ocr_line' id='line_1_27' title="bbox 84 2956 897 3057; baseline -0.006 -20"><span class='ocrx_word' id='word_1_132' title='bbox 84 2960 275 3046; x_wconf 88' lang='lat' dir='ltr'>felicitate,</span> <span class='ocrx_word' id='word_1_133' title='bbox 291 2984 376 3057; x_wconf 76' lang='lat' dir='ltr'>quae</span> <span class='ocrx_word' id='word_1_134' title='bbox 391 2964 533 3035; x_wconf 87' lang='lat' dir='ltr'>animos</span> <span class='ocrx_word' id='word_1_135' title='bbox 547 2956 691 3034; x_wconf 85' lang='lat' dir='ltr'>nostros</span> <span class='ocrx_word' id='word_1_136' title='bbox 706 2962 897 3032; x_wconf 86' lang='lat' dir='ltr'>immorta-</span> 
     </span>
     <span class='ocr_line' id='line_1_28' title="bbox 85 3052 898 3137; baseline -0.01 0"><span class='ocrx_word' id='word_1_137' title='bbox 85 3058 137 3137; x_wconf 85' lang='lat' dir='ltr'>les</span> <span class='ocrx_word' id='word_1_138' title='bbox 156 3063 195 3135; x_wconf 95' lang='lat' dir='ltr'>in</span> <span class='ocrx_word' id='word_1_139' title='bbox 215 3082 392 3134; x_wconf 81' lang='lat' dir='ltr'>aetetnum</span> <span class='ocrx_word' id='word_1_140' title='bbox 410 3080 547 3135; x_wconf 88' lang='lat' dir='ltr'>recreet</span> <span class='ocrx_word' id='word_1_141' title='bbox 566 3056 803 3133; x_wconf 72' lang='lat' dir='ltr'>delellatione</span> <span class='ocrx_word' id='word_1_142' title='bbox 823 3052 898 3129; x_wconf 89' lang='lat' dir='ltr'>nni-</span> 
     </span>
     <span class='ocr_line' id='line_1_29' title="bbox 83 3150 899 3256; baseline -0.009 -20"><span class='ocrx_word' id='word_1_143' title='bbox 83 3184 179 3250; x_wconf 85' lang='lat' dir='ltr'>mae,</span> <span class='ocrx_word' id='word_1_144' title='bbox 200 3159 408 3256; x_wconf 90' lang='lat' dir='ltr'>rationique</span> <span class='ocrx_word' id='word_1_145' title='bbox 419 3161 525 3234; x_wconf 92' lang='lat' dir='ltr'>unice</span> <span class='ocrx_word' id='word_1_146' title='bbox 541 3153 773 3241; x_wconf 75' lang='lat' dir='ltr'>desiderabili,</span> <span class='ocrx_word' id='word_1_147' title='bbox 786 3150 899 3252; x_wconf 80' lang='lat' dir='ltr'>ipsius</span> 
     </span>
     <span class='ocr_line' id='line_1_30' title="bbox 82 3252 900 3358; baseline -0.012 -21"><span class='ocrx_word' id='word_1_148' title='bbox 82 3258 221 3337; x_wconf 84' lang='lat' dir='ltr'>divinae</span> <span class='ocrx_word' id='word_1_149' title='bbox 240 3256 344 3335; x_wconf 88' lang='lat' dir='ltr'>faciei</span> <span class='ocrx_word' id='word_1_150' title='bbox 368 3256 685 3358; x_wconf 87' lang='lat' dir='ltr'>contemplatione.</span> <span class='ocrx_word' id='word_1_151' title='bbox 743 3254 831 3349; x_wconf 90' lang='lat' dir='ltr'>Qua</span> <span class='ocrx_word' id='word_1_152' title='bbox 859 3252 900 3327; x_wconf 91' lang='lat' dir='ltr'>in</span> 
     </span>
     <span class='ocr_line' id='line_1_31' title="bbox 83 3350 899 3529; baseline -0.017 -91"><span class='ocrx_word' id='word_1_153' title='bbox 83 3384 125 3438; x_wconf 88' lang='lat' dir='ltr'>re</span> <span class='ocrx_word' id='word_1_154' title='bbox 138 3356 416 3458; x_wconf 87' lang='lat' dir='ltr'>conspiciuntur</span> <span class='ocrx_word' id='word_1_155' title='bbox 430 3356 545 3433; x_wconf 92' lang='lat' dir='ltr'>divini</span> <span class='ocrx_word' id='word_1_156' title='bbox 567 3351 754 3529; x_wconf 56' lang='lat' dir='ltr'>cpljttsdam</span> <span class='ocrx_word' id='word_1_157' title='bbox 763 3350 899 3427; x_wconf 88' lang='lat' dir='ltr'>Numi·</span> 
     </span>
     <span class='ocr_line' id='line_1_32' title="bbox 83 3449 899 3542; baseline -0.017 -5"><span class='ocrx_word' id='word_1_158' title='bbox 83 3460 142 3537; x_wconf 85' lang='lat' dir='ltr'>uis</span> <span class='ocrx_word' id='word_1_159' title='bbox 169 3458 395 3536; x_wconf 71' lang='lat' dir='ltr'>characteres</span> <span class='ocrx_word' id='word_1_160' title='bbox 417 3457 587 3533; x_wconf 84' lang='lat' dir='ltr'>luculenti</span> <span class='ocrx_word' id='word_1_161' title='bbox 615 3456 707 3542; x_wconf 82' lang='lat' dir='ltr'>nni,</span> <span class='ocrx_word' id='word_1_162' title='bbox 746 3449 899 3526; x_wconf 86' lang='lat' dir='ltr'>inlinitae</span> 
     </span>
     <span class='ocr_line' id='line_1_33' title="bbox 83 3548 900 3656; baseline -0.022 -17"><span class='ocrx_word' id='word_1_163' title='bbox 83 3558 365 3647; x_wconf 70' lang='lat' dir='ltr'>beneficentiae,</span> <span class='ocrx_word' id='word_1_164' title='bbox 397 3558 437 3635; x_wconf 75' lang='lat' dir='ltr'>dr</span> <span class='ocrx_word' id='word_1_165' title='bbox 460 3553 603 3656; x_wconf 84' lang='lat' dir='ltr'>justitiae</span> <span class='ocrx_word' id='word_1_166' title='bbox 630 3553 707 3652; x_wconf 88' lang='lat' dir='ltr'>pati</span> <span class='ocrx_word' id='word_1_167' title='bbox 729 3548 900 3649; x_wconf 86' lang='lat' dir='ltr'>sapientia</span> 
     </span>
     <span class='ocr_line' id='line_1_34' title="bbox 85 3641 902 3832; baseline -0.027 -88"><span class='ocrx_word' id='word_1_168' title='bbox 85 3680 310 3769; x_wconf 69' lang='lat' dir='ltr'>temperate.</span> <span class='ocrx_word' id='word_1_169' title='bbox 331 3657 547 3832; x_wconf 47' lang='lat' dir='ltr'>Primumip?</span> <span class='ocrx_word' id='word_1_170' title='bbox 557 3676 605 3731; x_wconf 91' lang='lat' dir='ltr'>eo</span> <span class='ocrx_word' id='word_1_171' title='bbox 618 3641 902 3831; x_wconf 45' lang='lat' dir='ltr'>cernituroeauud</span> 
     </span>
    </p>
   </div>
   <div class='ocr_carea' id='block_1_6' title="bbox 0 0 1156 4184">
    <p class='ocr_par' dir='ltr' id='par_1_7' title="bbox 0 0 1156 4184">
     <span class='ocr_line' id='line_1_35' title="bbox 0 0 1156 4184; baseline 0 0"><span class='ocrx_word' id='word_1_172' title='bbox 0 0 1156 4184; x_wconf 95' lang='lat' dir='ltr'> </span> 
     </span>
    </p>
   </div>
  </div>
 </body>
</html>
