2302 4184
213 592 233 615 ..
344 504 399 579 66
486 516 561 577 nt.
597 496 980 609 nnuonspra'rro

349 683 460 760 atque
490 656 533 737 ad
563 656 749 761 superiora
785 658 1005 761 respiciens,
1047 658 1146 738 etia·

349 786 425 840 nos
439 780 669 846 commonet,
686 758 855 836 aliorsum
869 762 936 836 nos
954 756 1104 857 aspirare
1123 772 1151 828 a<

354 859 531 938 tendere:
561 861 676 935 anima
690 857 1146 959 veroselbletcngitation·

349 962 391 1039 δι
411 960 621 1061 cognitione
647 956 753 1059 supra
775 957 873 1034 hunc
896 957 1078 1033 mundum
1099 960 1142 1035 ef

351 1058 468 1150 ferre,
493 1061 602 1156 inque
623 1056 697 1132 hoc
720 1056 1010 1159 universotanta
1034 1059 1121 1133 mol'

349 1160 390 1237 &
408 1154 634 1260 perspicere,
662 1180 746 1255 quae
755 1156 833 1257 ejus
853 1156 1079 1261 praestantem
1093 1184 1138 1236 na

351 1279 472 1335 turam
490 1278 563 1333 tam
580 1256 673 1332 bene
701 1255 888 1347 indicent,
929 1280 1097 1356 quamex
1121 1292 1131 1325 ο

351 1356 499 1457 petibus
519 1352 768 1453 hujusmundi
785 1354 915 1434 DEUS
940 1382 958 1433 a
987 1354 1147 1434 noscitur·

317 1494 320 1499 ·
353 1476 397 1531 ut
410 1455 558 1533 naturali
580 1454 717 1531 lumine
741 1454 917 1556 sapientes
932 1380 1131 1557 olimugn

351 1575 497 1633 vetunt.
545 1550 694 1630 Mentem
710 1550 870 1644 bominis,
891 1554 1009 1654 inquit
1025 1552 1143 1634 Creu

353 1660 488 1746 tto(al,
507 1661 661 1757 qnantut't
673 1678 746 1729 eam
760 1678 827 1730 non
840 1651 954 1731 uideas
968 1706 980 1744 ,
996 1672 1151 1733 tamenn

350 1753 507 1832 DEUM
521 1752 666 1858 agnoscis
681 1777 725 1829 ex
741 1751 892 1856 operibns
914 1752 1003 1864 ejus,
1037 1751 1093 1857 fic
1112 1783 1129 1832 e
1146 1800 1151 1815 ·

351 1855 512 1930 memoria
535 1874 667 1942 retum,
689 1856 733 1943 it*
752 1857 958 1940 inventione,
984 1859 1028 1943 i?
1047 1852 1144 1935 celeri

283 1986 286 1997 ·
352 1970 423 2031 tate
444 1970 578 2042 matut,
612 1958 762 2054 oninique
776 1951 1025 2057 pulchritudine
1043 1957 1116 2035 virt

350 2057 417 2146 tis,
440 2072 581 2129 mentem
596 2046 769 2160 agnoscito.

167 2214 280 2281 aalma
402 2186 470 2271 lll.
486 2188 586 2295 Quae
609 2190 739 2267 nnimae
771 2184 953 2267 facultates
972 2186 1137 2291 &opera

10 2358 16 2381 ,
111 2314 136 2361 t
167 2301 317 2362 immorta·
353 2290 474 2373 tiones
497 2314 566 2367 nos
578 2292 802 2367 convincunt
819 2311 982 2368 naturam
993 2290 1069 2391 ejus
1079 2316 1128 2367 no

167 2380 312 2479 filiium
336 2392 472 2481 ‚solum
495 2386 565 2468 elle
592 2414 611 2466 a
634 2414 811 2490 corporea
834 2410 917 2467 toto
948 2412 1081 2491 genere
1100 2389 1139 2467 di

168 2462 312 2609 ffiffissa
355 2490 518 2582 versam,
536 2488 799 2587 consequenter
811 2488 1076 2589 incorpoream,
1096 2514 1143 2567 ve

136 2598 141 2603 '
165 2630 229 2691 ,im
250 2628 313 2689 red·
352 2617 435 2669 rum
451 2593 558 2668 etiam
580 2611 666 2664 vere
685 2586 915 2688 spiritualem,
928 2610 1140 2687 utquaecon

169 2712 242 2774 dere
263 2710 314 2773 de·
354 2713 407 2770 tra
430 2710 591 2767 naturam
608 2689 765 2763 materiae
783 2686 961 2773 libertate,
979 2690 1016 2766 ὅ(
1036 2687 1136 2763 decr

58 2822 67 2835 ·
170 2792 231 2859 bet.
353 2812 394 2869 to
427 2788 622 2864 voluntatis
665 2785 709 2861 ad
747 2784 974 2888 operandum
1010 2785 1146 2863 feratur

354 2889 553 2984 habeatque
576 2884 789 2983 potestatem
816 2889 853 2963 in
879 2884 965 2965 suos
995 2882 1145 2965 offellus

355 2986 466 3065 Nulla
495 2987 593 3060 enim
613 3010 670 3060 tes
693 2974 871 3087 &orporea
904 2988 983 3063 vim
1006 2985 1113 3063 libera

352 3085 480 3175 habet,
497 3108 568 3183 qua
592 3085 787 3162 naturalem
806 3087 1007 3187 appetitum
1022 3089 1060 3165 δι
1076 3111 1142 3162 mo

353 3208 433 3265 tum
449 3182 639 3273 cohibeat,
656 3209 740 3259 cum
756 3188 900 3262 materia
918 3186 1080 3285 pondere
1089 3184 1149 3261 su

353 3286 577 3383 naturalique
591 3287 752 3383 appetitu
767 3282 924 3374 feratur,
959 3309 1070 3383 quem
1083 3287 1142 3361 ani

355 3410 413 3463 ma
427 3410 496 3487 pro
515 3384 628 3459 lubitu
655 3385 692 3460 ὃ(
716 3382 903 3461 voluntate
927 3379 986 3460 sua
1021 3386 1146 3485 suppri

351 3488 441 3573 mit,
462 3504 797 3585 repugnantemque
815 3480 900 3558 huic
923 3481 1031 3561 habet
1049 3510 1142 3585 appe

354 3588 482 3674 titum,
508 3607 585 3681 quo
601 3583 696 3680 saepe
715 3582 882 3662 abutitur.
933 3584 1120 3687 Qtrinetia

945 3684 1107 3763 nnunalia

440 3794 488 3877 (a)
509 3792 545 3859 ln
559 3788 738 3861 Tusculanis.
