2302 4184
241 500 299 583 Ι4
424 490 495 557 ω.
528 493 904 591 nauousuntatn
959 484 977 535 -'

31 806 34 811 ,
146 756 181 817 t
268 630 1076 915 uultpllllulttiallti

269 840 407 918 multus
436 865 456 915 e
485 863 567 915 eac
589 834 708 925 futile,
740 864 804 937 qut
822 838 957 919 idcirco
987 868 1075 920 om-

266 964 353 1019 nem
371 936 485 1016 divini
494 938 669 1016 Numinis
689 937 831 1015 sensum
849 964 1008 1034 exuunt,
1029 962 1075 1023 ut

268 1064 316 1117 eo
334 1038 480 1117 liberius
509 1039 635 1126 vitiis,
663 1062 704 1114 ac
726 1035 980 1137 cupiditatibus
1001 1042 1073 1119 illi-

266 1140 345 1215 citis
366 1136 467 1216 frena
488 1136 627 1227 laxent,
659 1135 750 1213 dum
765 1140 947 1216 neminem
961 1138 1075 1241 supra

262 1235 302 1315 se
319 1235 382 1313 libi
396 1234 611 1338 persuadent
622 1260 733 1335 quem
758 1261 960 1329 vereantur,
984 1243 1073 1337 qui·

261 1361 336 1436 que
351 1335 514 1414 ultricem
532 1335 704 1412 scelerum
728 1332 843 1413 sumat
857 1337 1072 1423 vinditiani.

262 1436 373 1513 Tales
391 1437 496 1514 nobis
521 1437 654 1536 impios
668 1433 835 1512 desctibit
857 1438 1013 1537 Spiritus
1027 1442 1068 1521 S.

177 1548 189 1613 '.
261 1536 301 1612 in
317 1533 499 1636 scripturis
517 1559 594 1609 non
616 1559 693 1610 uno
711 1534 822 1625 loco,
853 1540 918 1633 qui
933 1538 1069 1623 bellua-

259 1658 345 1713 rum
360 1633 469 1713 instar
482 1633 531 1710 nil
554 1632 618 1711 nib
645 1656 783 1712 terrena
807 1633 842 1712 sa
870 1638 969 1730 iunt,
993 1640 1068 1719 toti

259 1730 318 1812 bis
339 1731 481 1814 caducis
496 1732 626 1825 dediti,
645 1758 686 1812 ae
699 1661 867 1816 immerld

77 1919 201 2002 Quanto
307 1898 371 1979 ΙΙΙ.
389 1898 444 1976 Ηί
456 1899 545 1977 dum
563 1897 722 1976 criminis
738 1920 876 1977 metum
892 1924 912 1977 a
928 1897 1064 2004 septo·

78 2005 122 2072 sui
145 2007 220 2085 peti·
255 1998 403 2102 jiciuut,
439 1999 533 2078 aliud
557 1998 693 2076 addunt
718 2000 828 2103 longe
858 1998 1065 2079 immanilli-

78 2088 199 2152 ⁰⁰¹⁰&
260 2125 381 2189 mum,
405 2100 678 2201 abnegationem
690 2098 865 2176 Numinis
886 2098 1063 2183 scelerum

74 2169 244 2318 {222²ssss
257 2199 429 2289 vindicis,
450 2200 539 2275 olim
552 2222 628 2275 non
647 2218 758 2276 tantas
772 2224 964 2299 pravarum
980 2198 1062 2279 sun-

76 2340 103 2399 ,5
141 2356 221 2399 con.
257 2325 339 2377 rum
354 2298 538 2377 adionum
561 2296 787 2374 ac'belluinae
806 2300 908 2388 vitae,
946 2324 1059 2399 quam

75 2420 203 2485 nitunt
254 2400 363 2502 hujus
382 2398 455 2475 suat
473 2395 687 2474 infidelitatis
705 2396 924 2487 horrendae,
962 2424 1005 2476 ac
1017 2422 1059 2477 o-

253 2503 397 2577 mnium
413 2500 580 2575 maximae
596 2499 632 2572 in
654 2498 803 2574 DEUM
822 2499 961 2599 injuriae
978 2522 1056 2615 ptu-

251 2626 316 2679 nas
338 2598 465 2677 daturi.
516 2598 685 2699 Quarum
707 2596 814 2673 etiam
829 2593 970 2673 sensum
981 2624 1055 2698 Jam

250 2697 312 2776 hic
354 2699 508 2795 aliquem
534 2696 738 2795 percipiunt
776 2696 933 2799 itt0ditis
965 2724 1055 2777 con·

249 2799 405 2875 scientiae
419 2793 652 2881 cruciatibus,
679 2817 774 2893 quos
794 2818 1055 2900 nunquampe·

249 2900 362 2986 nitus,
400 2890 577 2992 quidquid
601 2896 708 2969 etiam
731 2892 950 2987 moliantur,
989 2922 1053 2975 ex.

247 2998 427 3074 tinouent.
476 2989 546 3069 Sed
568 2990 621 3069 illi
647 2992 791 3092 prastici
819 2998 943 3095 potius
970 2995 1051 3076 sunt

134 3108 166 3147 ³*
246 3062 360 3173 Atllei
381 3112 491 3192 quam
522 3089 752 3195 speculativi,
782 3096 846 3192 qui
864 3095 900 3169 in
915 3096 988 3173 hoc
1007 3122 1052 3173 u.

247 3196 328 3271 nice
356 3192 543 3279 nituntur,
570 3214 610 3267 ut
633 3186 822 3269 subtilibus
847 3197 1051 3272 ratiocinio·

245 3316 330 3370 tutu
355 3295 462 3370 textis
478 3290 605 3370 oculos
623 3292 753 3369 mentis
771 3294 953 3394 operiant,
958 3297 1049 3474 gno

242 3526 292 3607 (a)
313 3516 497 3673 aulaeubbip
519 3516 709 3622 &gelduba
728 3523 779 3601 but
804 3526 853 3593 itt
872 3520 1047 3623 fflituisdita

234 3650 239 3655 ·
280 3604 483 3784 ilidii
499 3622 550 3771 ‘lt
572 3600 774 3781 lalll‘ltl‘
787 3604 1045 3781 ttltutuut

282 3771 656 3875 putvssudulcuutt
762 3846 767 3857 ,
1031 3842 1038 3853 .
