2302 4184
73 494 91 545 ¹
288 506 377 585 402·
424 510 528 575 tarr.
571 508 943 569 ornoasralrto

286 649 368 741 dei,
387 652 670 743 communionis,
677 678 718 730 nc
726 655 915 757 regiminis
922 651 1102 749 ,societate

288 753 559 857 conglutinetur
572 804 584 844 ‚
597 778 638 831 ae
663 755 772 835 edam
785 778 918 833 mutuo
952 753 1101 833 anathe-

288 874 386 932 mate
406 851 443 929 se
459 851 575 932 feriat.

33 944 38 951 Ι
106 982 249 1057 sanniu·
340 978 405 1054 lV.
423 977 460 1053 S.
479 976 694 1052 [annuus
710 983 797 1048 cum
817 966 984 1072 ‘apostolo
1001 996 1100 1075 proe·

105 1085 168 1135 ‘tm
182 1090 252 1151 ψ·
288 1079 439 1179 cipuum
454 1074 626 1152 charisma
652 1073 860 1151 charitatem
877 1073 1100 1173 agnoscens,

104 1152 166 1218 ¹³¹¹
197 1172 251 1234 ¹³⁰
290 1202 369 1253 earn
391 1180 428 1251 in
450 1172 593 1251 ecclelia
618 1198 704 1249 vera
735 1193 868 1249 tantam
892 1196 1099 1274 martyrum

106 1254 272 1385 zisstsa'raeea
288 1275 561 1352 multitudinem
587 1269 770 1375 generaffe
793 1270 900 1349 edicit
927 1277 992 1371 (a).
1048 1272 1099 1350 Et

105 1422 146 1465 1ae
160 1403 271 1465 arn.
288 1372 602 1475 quemadmodum
613 1396 658 1447 ex
670 1370 846 1448 fruiiibus
866 1398 963 1449 verae
981 1369 1099 1449 chari-

106 1502 199 1549 naor
218 1484 270 1549 na·
287 1479 367 1553 tatis
379 1469 693 1552 verameeelesram
706 1470 944 1564 demonstrat,
959 1474 1008 1550 ito
1020 1472 1101 1548 hae„

104 1580 177 1633 ¹⁰⁸ss
285 1577 413 1652 reticos
439 1574 615 1652 fastiones
631 1570 1017 1648 exhorumfrue‘luum
1033 1569 1098 1648 de·

284 1671 386 1753 feiiu
411 1676 555 1777 arguit,
574 1674 819 1749 communiter
836 1695 922 1746 cum
952 1670 1096 1750 ecclelia

284 1774 435 1853 illorum
455 1796 691 1875 temporum,
710 1795 794 1869 quae
810 1769 966 1848 didicita
985 1771 1097 1848 Chri·

284 1871 341 1951 sto
359 1872 467 1953 falsos
484 1871 682 2047 proebetas
699 1894 744 1946 ex
769 1869 947 1946 frutribus
962 1895 1097 1948 eorum

286 1974 523 2073 cognoscere.
581 1975 915 2070 raecipuumautem
931 1969 1095 2086 studium

170 2062 207 2146 b.
283 2070 344 2148 hic
361 2073 521 2177 delignat
541 2072 654 2148 liar
667 2094 759 2148 nus
777 2066 833 2170 (b)
856 2092 1095 2171 martyrium,

283 2298 332 2381 (a)
344 2341 366 2372 n
389 2296 568 2375 Praecipuum
578 2301 686 2377 (inquit
707 2301 735 2363 S.
748 2299 762 2363 I
774 2321 822 2363 ur
838 2319 861 2362 u
872 2322 898 2362 n
909 2320 930 2362 o
946 2321 960 2364 a
987 2307 1019 2366 l..
1034 2310 1089 2371 IV.

327 2427 349 2458 „
372 2400 398 2441 c.
424 2392 488 2458 33.)
510 2383 674 2445 dilectionis
706 2404 833 2459 munus,
853 2386 933 2463 quod
958 2386 997 2447 est
1022 2407 1095 2465 ptae·

325 2509 347 2542 ,‚
372 2463 490 2535 rioilus,
505 2485 590 2544 quom
601 2469 721 2544 agnitio,
735 2467 883 2545 gloriosius
895 2485 989 2530 autem
1003 2490 1092 2547 quam

326 2591 349 2623 „
372 2546 546 2623 prophetia,
570 2553 704 2612 omnibus
726 2567 823 2612 autem
848 2550 965 2628 reliquis
987 2552 1094 2614 charis.

325 2675 349 2706 ‚,
373 2631 497 2690 metibus
518 2630 787 2708 supereminentius.
831 2634 1017 2710 Quapropter
1038 2655 1087 2696 ee·

326 2757 348 2788 „
374 2710 456 2773 clelia
479 2716 559 2773 omni
582 2717 699 2777 inloto
722 2719 761 2778 ob
784 2736 868 2786 eam,
892 2734 976 2791 quani
998 2715 1089 2778 habet

326 2839 349 2871 ‚‚
373 2813 440 2870 erga
471 2793 637 2869 Duum,
662 2799 847 2861 dileetionem
872 2797 1092 2861 multitudinem

325 2920 348 2953 ‚,
372 2890 530 2955 martyrum
552 2880 580 2939 in
609 2886 688 2942 omni
724 2900 853 2961 tempore
874 2882 1024 2959 praeniittit
1053 2884 1091 2945 ad

324 3003 349 3036 ‚,
372 2958 508 3034 Patrem,
531 2962 647 3039 reliquis
667 2981 764 3026 autent
783 2965 917 3026 omnibus
941 2984 1002 3025 non
1028 2980 1094 3027 tan·

324 3085 347 3118 „
372 3055 435 3103 tuin
459 3063 517 3105 non
539 3045 712 3109 habentibus
733 3048 809 3111 hanc
846 3067 905 3108 reni
938 3048 1091 3111 ostendere

325 3169 347 3200 „
374 3125 452 3202 apud
473 3125 521 3198 se,
545 3128 593 3189 sed
609 3149 664 3191 nec
688 3134 806 3208 quidem
826 3129 1014 3193 neeellarium
1036 3133 1092 3194 elle

323 3252 347 3283 „
370 3209 534 3272 dicentibus
551 3212 608 3272 tale
630 3218 821 3292 martyrium:
840 3213 897 3276 elle
918 3217 998 3276 enim
1018 3234 1093 3277 inar-

327 3334 349 3363 ‚‚
373 3293 479 3369 tyrium
509 3313 609 3355 verum
630 3294 800 3359 sententiani
818 3317 930 3358 eorum.

283 3372 331 3452 (b)
352 3415 374 3446 n
399 3376 597 3451 opprobrium
618 3386 696 3440 enim
709 3381 896 3459 (inquitloeo
912 3381 1016 3455 citato)
1040 3400 1092 3443 eu·

325 3499 348 3530 „
371 3476 456 3529 rum,
473 3460 522 3535 qui
545 3461 774 3536 persecutionem
797 3466 947 3541 patiuntur
968 3480 1089 3541 propter

322 3582 346 3615 ‚‚
367 3540 526 3614 justitiam,
550 3546 578 3604 dt
604 3564 705 3608 omnes
744 3567 845 3623 poenas
862 3545 1018 3621 sustinent,
1059 3551 1087 3609 dt

284 3626 286 3633 '
321 3665 344 3697 „
368 3622 579 3687 mortificantur
611 3646 733 3707 propter
752 3649 836 3703 eam,
867 3649 931 3705 quae
960 3630 1000 3691 est
1020 3650 1089 3708 erga

320 3746 344 3781 „
361 3702 422 3769 Db
438 3705 459 3767 U
475 3707 530 3781 nl,
541 3708 739 3784 dilectionem,
757 3710 1008 3775 &confellionem
1019 3711 1088 3776 Filii

308 3798 345 3870 ',‚
370 3789 459 3870 ejus,
494 3791 556 3857 sula
571 3793 692 3858 ecclelia
707 3814 781 3874 pure
800 3794 926 3859 sustinet.
