2302 4184
37 17 1106 515 *—

197 532 332 589 vau
377 532 611 593 accurate.
641 532 753 594 avr.
822 490 947 611 403⁴

80 680 124 759 ἃ
144 674 417 780 persecutiones
435 699 590 779 propter
610 674 793 771 ustitiam,
806 703 899 781 quaa

81 780 158 856 sola
187 802 274 853 vera
303 775 445 853 ecclesta
471 801 564 877 pute
596 704 773 857 iustineat.
839 781 895 858 De

83 880 245 959 allisas
275 877 377 952 iritus
392 876 610 953 charismatis
619 875 717 954 idern
730 878 896 973 declarat,

83 1004 128 1057 ea
145 982 182 1055 in
201 901 275 1054 sola
293 999 377 1088 vera
394 975 517 1052 haberi
531 976 674 1056 ecclelia
688 1029 700 1069 ,
716 980 764 1056 ita
784 1001 827 1056 ut
839 982 896 1055 in-

80 1078 222 1156 dicium
249 1075 405 1153 eccleltte
450 1077 636 1177 pta-beant
663 1082 897 1181 operationes

81 1180 242 1279 Spiritus
265 1173 375 1251 santii
390 1176 455 1272 (a).
496 1175 597 1252 lnter
614 1173 679 1255 has
706 1199 827 1255 autem
852 1202 897 1257 o·
987 1170 1020 1233 ¹·

83 1280 293 1380 perationes
314 1272 457 1350 donum
479 1277 737 1354 miraculorum
764 1276 896 1370 refert,

83 1379 195 1455 etiam
209 1373 295 1475 post
311 1374 496 1471 apostolos
521 1374 585 1473 (l).
625 1379 744 1474 Aqua
763 1380 900 1456 virtute
987 1373 1025 1455 b.

83 1499 229 1555 tantum
248 1471 362 1552 abelle
382 1472 469 1550 dicit
483 1474 745 1562 hereticosmt
760 1505 805 1555 ne
814 1480 896 1577 qui-

85 1575 177 1654 dem
197 1575 343 1659 credaut
361 1575 433 1649 hoc
453 1577 490 1649 in
518 1597 640 1651 tntum
669 1571 770 1678 pollo
796 1576 895 1669 fieri,

86 1678 128 1758 ἃ
146 1672 172 1751 st
191 1675 280 1774 quid
300 1675 435 1750 mirum
456 1676 678 1761 moliantur,
700 1675 735 1752 id
757 1678 795 1754 in
812 1702 897 1777 pet.

87 1777 224 1855 niciem
248 1777 285 1854 &
303 1799 468 1853 errorem
500 1800 566 1877 per
587 1777 743 1877 magicas
767 1775 898 1854 elafio·

89 1902 156 1954 nes
164 1877 227 2054 ,fot
258 1873 424 1953 universa
444 1874 569 1954 fraude
599 1876 681 1978 plus
703 1874 898 1973 ludentes,

87 2001 156 2055 eos
186 1998 298 2053 acere.

136 2157 184 2237 V.
208 2152 268 2234 Ab
286 2155 427 2234 ecclefia
440 2178 561 2234 autent
582 2159 772 2235 veritatem
792 2159 898 2236 unice
916 2174 957 2239 ab
986 2145 1080 2242 eccle.

86 2253 349 2335 desumendam
379 2257 448 2332 elle
480 2278 608 2333 contra
630 2282 759 2334 omnes
781 2257 895 2334 insur-
912 2258 947 2321 fia
967 2262 1037 2357 ,elie

89 2380 220 2460 gentes
247 2354 462 2434 hereses&
493 2380 635 2434 errores
657 2356 753 2435 dicit
812 2357 895 2433 Nec
914 2360 1066 2406 veritatem

90 2456 172 2549 eil,
197 2455 299 2557 quod
317 2458 433 2560 magis
458 2454 631 2546 inculcet,
655 2457 746 2534 utin
761 2453 834 2534 hoc
856 2482 897 2534 o·
913 2423 1086 2571 ἒξξξᾞ

456 2555 519 2633 CC
547 2580 569 2633 2
763 2581 848 2634 mne
912 2590 1050 2653 menteS.

913 2671 1046 2736 luunt.

90 2743 140 2821 (al
151 2788 172 2816 „
183 2739 241 2804 Ubi
263 2739 382 2804 ecclefia
392 2742 501 2821 (inquit
518 2743 550 2804 L
571 2744 659 2805 illc.
673 2741 738 2818 24.)
759 2740 799 2803 ibi
822 2743 848 2802 ἃ
871 2783 894 2815 ,,

135 2825 383 2903 SpiritusDEl,
410 2829 437 2887 ilc
462 2822 766 2901 ubispirtmDEl,
790 2823 850 2886 illic
872 2867 895 2897 „

135 2897 254 2970 acoleia
273 2951 282 2982 ,
310 2912 337 2969 ἃ
371 2909 465 2970 omnis
497 2909 610 2987 gretia,
634 2907 758 2985 Spiritus
774 2909 851 2969 enim
874 2949 897 2981 „

136 2992 250 3055 vetitae
310 2991 496 3069 Quapropter
524 2993 573 3070 qui
598 3009 658 3051 non
679 2993 853 3067 participant
875 3033 898 3065 ,‚

134 3092 224 3145 eum,
249 3092 378 3150 nequea
405 3073 539 3135 mamillis
564 3075 662 3135 matria
687 3074 853 3136 nutriuntur
875 3116 898 3148 ,‚

135 3158 165 3217 in
191 3157 310 3229 vitam,
339 3174 434 3232 neque
465 3158 630 3234 percipiunt
662 3156 698 3216 de
728 3175 853 3231 corpore
875 3197 898 3231 „

134 3235 239 3301 Christi
268 3239 477 3318 procedentem
507 3236 706 3302 nitidiffimum
725 3238 849 3305 fontem.
873 3281 897 3316 „

93 3403 141 3482 (l)
155 3448 177 3476 „
190 3402 224 3465 ln
238 3404 419 3466 fraternitate
439 3405 586 3484 saepiffime
605 3404 713 3482 (inquit
725 3408 758 3468 L.
772 3408 810 3469 11.
824 3426 847 3467 c.
875 3450 897 3479 „

139 3489 202 3564 at.)
213 3503 335 3566 propter
344 3486 451 3563 aliquid
465 3488 661 3558 neceliariunt,
675 3507 708 3550 ea
719 3532 728 3562 ,
741 3508 803 3565 quae
815 3487 853 3548 eli
875 3531 899 3562 ‚,

136 3590 256 3648 quoquo
267 3570 334 3632 loco
344 3568 462 3632 ecclesta
474 3570 604 3633 universa
616 3569 788 3648 pollulante,
800 3588 852 3647 pet
874 3613 898 3646 „

134 3651 856 3814 iillimslizlll'pllill‘mam”lilii⁹{ii
877 3693 900 3727 ”

135 3816 227 3880 laomo
247 3818 427 3885 orationibut
443 3780 627 3885 Santlolunt.
653 3863 680 3901 „
877 3774 903 3815 n
1047 3790 1094 3954 Ι
