2302 4184
212 528 615 599 aacnscnooonnn
639 528 719 591 nx.
816 518 890 605 663

78 674 275 781 apostolica
306 674 473 753 miffione
508 678 660 771 vocati3
685 671 745 753 sed
764 700 891 757 contro
905 692 983 760 nerii
1007 712 1070 761 noo

81 802 148 855 eos
166 780 311 879 potius,
345 779 409 876 qui
430 775 499 855 hoc
528 773 694 853 miffione
718 776 891 878 gaudent,
906 778 1025 851 habent.

76 874 156 957 sese
169 880 335 980 erigunt,
361 876 542 954 ecclefiom
560 874 793 981 apostolicam
821 883 892 957 cri.

79 981 284 1068 minantur,
315 1001 527 1079 novamque
559 976 656 1055 nullo
680 978 893 1058 austeritate

79 1076 265 1156 fundant:
291 1076 404 1168 com,
426 1100 468 1155 ut
495 1077 618 1155 verbis
647 1100 727 1155 utor
748 1080 782 1155 S.
810 1076 892 1157 co.

79 1202 203 1255 emona
231 1182 311 1274 (a),
328 1175 419 1280 stca
436 1176 565 1282 consto
592 1202 660 1253 canc
682 1176 808 1281 ecclesta
826 1197 891 1283 pec
980 1194 1017 1253 c.

79 1294 190 1359 coeam
212 1275 374 1354 mundum
397 1282 435 1357 in
456 1280 566 1357 malta
595 1278 742 1355 membra
768 1278 892 1382 divifie,

79 1382 162 1457 itan
188 1374 389 1483 episcopatus
416 1404 528 1470 anas,
553 1377 774 1482 eiscopoceem
803 1379 892 1458 cnaei·

80 1496 195 1556 tonum
226 1478 378 1557 concordi
407 1395 637 1657 namnpesate
652 1476 813 1585 diffisus,
834 1478 891 1558 cce

81 1577 512 1685 (Novamoosmpn
544 1580 571 1657 I
580 1578 893 1686 traditionem‚p⁰fl

80 1702 265 1757 connexam
280 1683 324 1769 ii
353 1680 471 1783 abique
499 1678 708 1782 conjunciam
728 1679 894 1760 catholice

78 1777 208 1882 ecclestae
224 1782 404 1871 unicornu,
430 1778 610 1858 bennenom
627 1798 764 1857 eonnor
771 1780 892 1881 facere

81 1876 261 1981 calefiam,
293 1885 337 1971 ξφ
353 1897 416 1983 per
434 1880 602 1981 plurimas
614 1883 764 1957 civitates
788 1902 893 1958 novos

81 1996 145 2082 apo
172 1979 240 2058 olos
253 1978 335 2083 snos
351 1984 490 2070 minae,
505 2000 545 2055 eac
567 1978 716 2082 quadam
747 1982 893 2057 recentia

79 2082 119 2161 in
151 2083 298 2157 'tutionis
309 2074 615 2180 suefundamenca
636 2079 812 2181 constituae
830 2136 840 2159 .
857 2139 895 2160 ..
966 2112 969 2123 ·

75 2178 895 2283 quiergoneeunitaceneSpirinec,necconjaniiio·

76 2301 154 2358 nem
169 2279 263 2381 pacis
280 2274 431 2379 observat
444 2283 488 2369 υ*
514 2275 587 2353 cab
600 2274 727 2378 ecclcstc
742 2280 890 2366 vinculo,

78 2396 210 2480 atquea
217 2374 430 2477 sacerdotum
444 2403 479 2454 eo
503 2379 572 2480 egio
575 2374 715 2479 separat
720 2432 732 2468 ,
754 2371 895 2481 episcopi

78 2502 138 2557 nec
163 2472 352 2580 potestatem
374 2474 625 2581 preponere,
650 2502 708 2555 nee
723 2474 892 2570 honorare,

78 2581 139 2683 qui
159 2578 359 2683 episcopatus
378 2601 437 2655 nce
449 2580 614 2655 anienem
635 2578 747 2657 voluit
769 2596 891 2669 tenere,

79 2698 274 2784 necpaeem.
322 2677 417 2755 Non
446 2674 565 2780 posset
587 2679 730 2757 sanstus
750 2700 892 2781 martyr

78 2804 146 2857 eos
176 2780 248 2857 aevi
282 2776 396 2856 nostri
431 2781 547 2856 acrius
576 2777 827 2882 perstingere‚
848 2781 889 2858 &

77 2880 285 2983 configere,
310 2881 373 2977 qui
402 2878 498 2957 nulla
526 2872 703 2979 potestate
731 2879 893 3054 lepitima

79 2978 262 3069 instruffi,
299 3003 452 3055 omnem
490 2981 676 3077 antiquom
708 3006 769 3057 ecc
783 2977 891 3056 escam

79 3102 256 3169 evertere,
274 3102 487 3179 novamque
501 3076 705 3157 dochinam
720 3079 819 3155 suam
834 3080 886 3156 ob

83 3177 244 3268 tondere,
263 3177 372 3278 seque
388 3203 500 3257 veros
517 3178 889 3283 evangeliiministros

80 3303 208 3355 contra
226 3302 312 3370 eos,
373 3282 440 3379 qui
468 3302 644 3380 perpetua
663 3280 750 3357 serie
777 3278 821 3355 ab
844 3302 883 3355 a·

79 3378 234 3480 postolis
265 3377 358 3455 hanc
392 3380 659 3473 obtinuerunt,
721 3376 890 3457 vendita·

84 3506 126 3556 re
150 3480 270 3556 conati
295 3479 388 3556 soant.
477 3479 549 3556 Sed
577 3482 710 3557 iterum
743 3476 890 3557 audiant

80 3579 419 3672 ceraunon,
459 3577 550 3677 quid
577 3581 646 3659 olio
665 3583 704 3659 in
729 3578 815 3656 loco
836 3574 890 3656 di·

473 3680 583 3777 Tt4
757 3700 840 3758 cate

83 3832 516 3921 ,coaccepancoo
947 3740 1067 3970 A
