2302 4184
179 530 741 640 tatastatooataetvr.
822 576 898 662 7²³

82 750 168 806 mm
188 727 277 805 vitae
295 722 500 803 discrimine
520 725 709 823 profiteri,
744 750 786 804 rc
801 750 900 829 prae·

82 825 203 906 dicate
221 825 329 929 super
345 817 447 904 testa.
499 826 619 927 Quod
634 823 691 902 bis
705 825 831 905 itidem
844 825 899 906 fa·

84 952 169 1006 cere
195 922 427 1014 iricubuiiiet,
469 923 495 1002 st
528 951 705 1006 vetorum
734 925 900 1006 fidelium

84 1052 222 1105 nomen
247 1029 341 1104 tueri
372 1021 594 1120 voluiffent,
637 1028 676 1106 ἃ
707 1031 901 1130 praeceptis

83 1124 219 1205 Christi
238 1123 437 1205 satisfacere
446 1150 460 1220 ,·
479 1128 543 1225 qui
551 1127 780 1227 evangelium
791 1133 900 1205 iuum

84 1252 162 1304 non
190 1225 518 1316 abscondendum,
564 1225 625 1305 sed
653 1229 690 1304 in
723 1228 899 1304 universo

83 1331 228 1419 mundo
249 1326 522 1429 praedicandum
536 1327 698 1414 instituit,
719 1326 830 1426 idque
839 1324 901 1403 us·

83 1453 158 1527 que
172 1425 215 1504 ad
237 1425 593 1506 consummationem
612 1425 752 1518 saeculi,
777 1423 899 1504 donee

40 1572 44 1579 ·
86 1552 218 1604 omnes
245 1550 480 1604 occurramus
510 1528 548 1603 in
585 1527 761 1607 unitatem
801 1524 899 1608 fidei.

83 1628 179 1706 Non
205 1629 317 1729 igitur
341 1623 472 1704 sufficit
494 1623 655 1730 allegasse
685 1650 778 1744 vage
808 1625 898 1703 fide·
949 1690 952 1695 .
1015 1705 1019 1711 ,

83 1723 138 1805 les
155 1730 342 1818 ottcuitos3
366 1725 647 1804 demonstranda
668 1727 774 1802 nobis
792 1725 843 1804 est
858 1726 901 1803 il-

85 1827 119 1905 la
140 1831 386 1925 civitatatque
401 1828 574 1914 societas,
599 1826 662 1902 ubi
685 1824 828 1925 publica
847 1824 903 1928 seq

84 1928 247 2005 cundum
261 1928 465 2003 institutum
476 1924 611 2003 Christi
622 1924 901 2028 perlegitimum
1003 1924 1009 1933 '

83 2026 353 2115 ministerium,
374 2026 418 2100 ab
440 2027 538 2101 eoin
558 2023 739 2102 mundum
752 2024 902 2102 univer·

83 2125 165 2202 sum
187 2122 357 2212 miisum,
385 2122 487 2199 fieret
512 2121 597 2201 fidei
627 2123 783 2202 salutaris
810 2146 901 2226 pro·

86 2222 216 2313 feffio,
239 2226 277 2303 ἃ
299 2218 488 2300 neceffaria
518 2220 824 2300 {aeramentorum
843 2222 901 2298 di·

63 2320 272 2403 'stributioa
298 2330 408 2400 verua
427 2323 525 2399 enim
543 2320 627 2401 DEI
646 2321 765 2398 cultus
780 2321 901 2424 publi·
1032 2364 1034 2369 ·

86 2449 152 2503 cus
169 2421 211 2499 stt
233 2440 400 2525 oportet,
426 2446 467 2500 ae
482 2420 678 2526 conspicua
704 2446 788 2500 vera
811 2420 899 2500 DEI

87 2519 251 2610 ecclesia,
273 2523 377 2620 eujus
393 2521 456 2598 lux
472 2520 588 2601 luceat
608 2521 808 2615 omnibus,
831 2522 898 2624 qui

85 2626 125 2705 in
147 2623 256 2723 hujus
272 2620 430 2703 universi
450 2620 567 2699 domo
585 2620 677 2705 sunt.
814 2724 821 2737 ¹

139 2835 185 2912 V.
211 2832 342 2912 Talem
363 2832 473 2911 nobis
485 2855 628 3010 stater
651 2856 753 2921 eam,
790 2847 901 2933 quam
915 2854 1004 2923 Nulla
1023 2856 1081 2927 fuir

89 2930 348 3022 deseruerunt,
380 2931 484 3033 osten
511 2956 572 3011 ant
590 2931 624 3010 se
650 2952 820 3036 tempore
847 2958 900 3010 te-
915 2939 1035 3006 ecclesa

90 3035 324 3111 formationis
347 3057 407 3111 aut
429 3031 642 3125 incoluisse,
675 3057 737 3111 aut
752 3031 904 3111 acceffis-
918 3024 1057 3125 spectatri-

90 3132 149 3211 se:
174 3157 258 3208 eum
282 3136 318 3206 in
328 3155 410 3210 toto
423 3132 612 3212 occidente
629 3136 789 3237 viguerit
801 3157 904 3209 com·
918 3111 1036 3255 {¹333}
1037 3104 1081 3250 ns‘

92 3235 224 3310 munio
258 3232 413 3313 ecclesie
443 3234 629 3313 Romanae.
702 3234 745 3310 In
763 3236 904 3309 oriente
916 3214 969 3338 {tut
981 3277 1011 3335 in
1025 3205 1083 3354 qut}

93 3355 215 3411 autem
235 3331 277 3408 stt
289 3331 431 3410 ecclesia
448 3332 579 3412 Graeca
595 3330 831 3422 schismatica,
866 3358 906 3410 ac
920 3357 1037 3436 prodie-

94 3433 133 3512 in
152 3432 274 3532 plores
297 3431 451 3510 haeteses
481 3432 650 3530 diffeiia,
677 3438 739 3510 cui
764 3432 800 3511 se
827 3434 902 3509 fru-
917 3444 985 3506 rint.

94 3530 238 3611 {itaneo
257 3532 381 3611 labore
400 3583 412 3622 ,
437 3536 600 3635 utsupra
618 3532 794 3616 vidimus,
819 3534 904 3633 jun-

93 3630 345 3738 gerequidem
361 3631 606 3726 studuerunt,
639 3637 722 3715 iane
743 3632 846 3712 nulio
867 3657 905 3711 a·

500 3735 609 3817 Zza
804 3732 858 3812 fio
