2250 4206
247 492 309 563 ro
403 502 481 565 or.
502 488 927 565 nemorirrnnrro.
1060 490 1065 500 '

254 646 305 727 dc
319 647 502 727 existentia
530 647 645 727 divini
672 650 847 727 Numinis
870 670 994 729 rerum
1013 668 1057 731 o·

253 750 397 827 mnium
410 747 524 825 cousoe
540 748 651 827 vides
671 748 755 829 dare
777 774 904 829 manus
924 754 1058 829 volue-

204 884 209 891 ·
252 851 343 925 rint:
368 845 471 927 censa
487 851 587 926 enim
604 850 720 951 aliqua
736 848 779 929 fit
801 848 910 951 huius
926 850 1057 931 mundi

252 944 471 1049 aspectabilis
484 969 645 1053 oportet.

70 1170 267 1239 nonenim·
304 1174 353 1295 ΙΙ.
372 1172 479 1259 Nihil
497 1174 637 1261 stultiut
662 1170 908 1277 existimatur,
941 1202 1055 1287 quam

68 1256 193 1358 fortuito
207 1340 215 1354 .
249 1280 356 1361 istem
372 1283 511 1360 molem
528 1285 576 1361 ira
587 1282 743 1360 fortuito
758 1280 962 1375 surrexiffe,
991 1304 1056 1365 out

68 1356 216 1504 {tgmss‘m
251 1378 410 1496 potuiffe
428 1382 635 1461 coalescere.
655 1382 840 1482 Imprimis
853 1386 953 1463 enim
966 1406 1055 1463 cum

65 1504 199 1571 munau.
251 1506 297 1559 ex
312 1479 417 1559 ntbt'io
435 1479 521 1559 nihil
605 1478 735 1573 ,unde
752 1481 808 1557 illa
821 1482 1059 1583 praeexistene·

68 1589 131 1656 iste
250 1584 397 1661 materia
412 1606 524 1659 orne
563 1633 575 1675 ,
596 1605 643 1657 ex
657 1605 728 1681 qua
743 1578 914 1685 deinceps
928 1608 1055 1661 rerem

251 1676 385 1762 fonnae
406 1678 666 1758 emerserunt?
711 1680 850 1757 Demus
870 1706 962 1757 vero
976 1709 1056 1761 mas

250 1784 379 1860 terinm
392 1782 437 1858 nb
454 1802 593 1859 teterno
613 1782 687 1879 inm
702 1777 805 1856 fuiffe
822 1831 834 1869 ,
856 1782 1054 1880 quomodo

249 1876 336 1959 inde
347 1902 470 1957 rerum
484 1898 558 1959 tom
573 1878 729 1982 insignes
735 1877 866 1955 formae
881 1878 953 1956 fine
963 1901 1055 1957 con-

248 1978 327 2059 filio
340 2004 381 2057 nc
395 1977 626 2057 moderatore
638 2003 728 2055 exur
753 1978 1054 2081 erepotuerunti

248 2066 305 2159 iit
319 2078 366 2156 de
390 2066 473 2155 solis
490 2074 699 2157 animalibus
722 2001 930 2178 iorumque
955 2074 1056 2177 prin*-

250 2181 335 2279 cipe
350 2179 500 2256 homine
516 2176 650 2278 eliquid
678 2178 796 2255 dicem
813 2226 824 2269 ‚
855 2178 1053 2277 quomodo

121 2276 126 2285 '
249 2272 317 2358 fon
346 2304 454 2355 orum
470 2274 576 2355 instar
596 2303 617 2355 e
635 2300 729 2355 terra
749 2279 797 2355 ite
816 2274 965 2379 prodire
983 2303 1053 2380 po-

209 2450 214 2459 .
249 2381 301 2457 tu'
332 2375 419 2456 ent?
459 2378 615 2455 Etcum
643 2376 762 2455 homo
784 2376 858 2455 hoc
885 2401 1054 2473 enatum

76 2492 84 2508 ·
102 2508 106 2517 ·
155 2514 159 2525 ·
247 2470 393 2569 hebent,
416 2476 707 2559 uterconiilio&
725 2476 798 2554 fine
815 2500 907 2581 agat,
922 2478 1054 2576 quami

245 2580 306 2669 ‚vie
325 2598 445 2657 tomen
471 2603 538 2655 nec
562 2580 749 2655 minimam
778 2577 987 2675 particulam
1011 2580 1055 2655 in

245 2672 322 2759 hoc
338 2674 509 2755 universo
527 2676 669 2753 efficere
688 2673 817 2773 poffir,
847 2674 1052 2777 presertim

81 2860 86 2869 ,
243 2775 449 2857 ordinando
465 2773 554 2853 fines
571 2778 746 2875 cujusque
770 2776 824 2851 rei
835 2797 972 2850 naturae
987 2775 1050 2853 nd-

96 2950 100 2961 ,
242 2902 292 2955 eo
314 2875 524 2952 conformes
548 2878 587 2955 dt
605 2875 933 2975 proportionatos,
963 2878 1050 2975 quie

242 2974 310 3055 iibi
331 2968 539 3077 persuadeat
570 2997 616 3051 ex
635 2971 774 3075 stupida
800 2975 947 3051 materie
966 2974 1049 3053 haec

242 3076 291 3153 irn
306 3073 480 3178 progredi
497 3068 679 3174 potuisse?
728 3069 939 3247 Opomodo
956 3075 1048 3153 item

243 3190 383 3254 nature
396 3171 538 3274 ipsae-nd
551 3172 758 3274 prosequen
784 3197 827 3249 os
848 3172 934 3249 suos
954 3170 1052 3253 fines

244 3276 294 3352 itt
318 3270 463 3350 edoceri
480 3270 697 3373 potniiient,
734 3270 834 3349 iicuti
860 3274 1048 3351 cernimur

241 3374 368 3451 omnin
393 3375 432 3449 in
446 3371 587 3449 mundo
610 3371 815 3474 conspirare
838 3394 912 3449 tam
928 3372 966 3448 in
982 3396 1049 3448 or-

241 3470 328 3551 dine
342 3469 387 3549 nd
401 3475 633 3564 universum,
670 3495 781 3574 qnam
876 3470 1049 3550 iculnrem

242 3572 429 3672 cujusque.
450 3575 502 3648 rei
523 3594 688 3651 naturam
714 3570 759 3650 od
802 3573 839 3647 ui
856 3566 1047 3655 conservas

242 3674 386 3753 n'ooem
410 3670 613 3763 intentetur
658 3669 979 3791 quod.prtcierdm
1008 3672 1051 3753 io

299 3802 340 3835 ι.
862 3792 1015 3875 genere·

659 3926 792 3986 A
