2302 4184
620 368 628 381 ¹
662 370 668 389 Ι

181 514 330 572 verr
350 515 605 577 -ecerreru
629 480 672 578 e.
693 516 784 577 νη.
823 470 903 597 tte

84 681 174 736 nem
191 655 379 759 scripturae
402 685 479 740 noo
497 660 565 740 fint
593 659 819 742 admittendt
836 667 904 755 (a)
975 700 1010 760 ι

83 757 230 838 Deinde
259 762 364 859 quod
398 761 588 864 apostolus
614 761 813 880 fugiendos
844 765 907 864 ju-.
1040 822 1044 831 .

85 857 906 964 beathaereticocnoncumillistbsputendum,

86 980 229 1040 monet.
241 959 295 1054 (b)
313 962 474 1040 Deorum
489 960 687 1062 ptaeseribit
702 960 805 1062 quod
816 986 906 1038 con·
974 969 1015 1055 b,

87 1058 223 1165 greffio
245 1059 506 1161 seripturarum
534 1087 610 1139 non
638 1062 748 1162 poffit
767 1060 904 1162 aliquid

87 1158 302 1261 proficere,
326 1161 479 1261 eoquod
506 1186 638 1243 ornnes
662 1161 803 1241 nostras
824 1185 905 1240 uon

87 1263 164 1338 reci
192 1263 265 1337 iant
287 1259 488 1362 scripturus.
508 1269 559 1357 (c)
994 1283 1026 1338 e

180 1417 189 1436 .
214 1363 376 1438 Maxime
411 1385 519 1464 urget
541 1361 863 1462 prescriptionem!
882 1382 904 1439 u
921 1360 1087 1476 pmffpuffi,

88 1455 336 1562 poffeffione,
361 1466 398 1541 δι
424 1461 608 1540 vetustate.
658 1461 760 1542 Cum
782 1484 905 1539 autem
922 1481 1025 1543 titulus

91 1558 321 1661 praescriptio
347 1587 418 1663 pro
447 1566 539 1640 vitio
566 1560 697 1640 otieris
730 1558 905 1651 sumatur,
923 1561 1056 1662 poffessio

90 1681 135 1735 ut
163 1658 372 1738 ostendatur
396 1662 626 1739 eiectionem
648 1686 726 1739 nou
751 1684 906 1757 compe-
923 1646 993 1708 mdc
1008 1648 1088 1709 ³¹³⁸·

92 1779 187 1848 tere,
202 1758 443 1862 hocprimum
459 1760 510 1838 est
527 1758 788 1937 acprincipuler
800 1756 905 1859 qUOd
921 1727 1089 1872 ffitlffs'&

92 1881 224 1961 urget,
240 1859 433 1940 haereticos
456 1859 539 1964 post
571 1861 698 1965 aposto
713 1884 756 1937 os
772 1858 906 1977 praedi-
923 1893 1089 1971 juqun·

745 1981 858 2039 catio-
925 1994 1027 2049 tuto.

95 2143 144 2222 (a)
161 2187 184 2218 „
198 2143 288 2210 Hunc
298 2146 387 2226 igitur
398 2146 453 2224 (ait
465 2144 544 2208 idem
555 2164 579 2207 c.
592 2147 629 2208 X
632 2142 861 2222 V.)potiibmum
882 2187 907 2220 „

139 2228 261 2305 gradum
286 2231 458 2293 obstruimus
488 2246 549 2289 non
581 2226 782 2289 admittendos
809 2246 861 2289 eoe
882 2269 908 2302 „

136 2308 174 2370 ad
204 2311 291 2374 uliam
320 2314 357 2375 de
389 2311 537 2389 scripturis
569 2308 818 2387 disputationem:
842 2307 863 2369 st
883 2351 909 2386 „

138 2389 185 2451 hae
198 2393 261 2456 sunt
280 2396 355 2457 eires
376 2413 497 2468 eorum,
519 2412 596 2455 anne
610 2412 657 2454 eas
675 2390 783 2453 habere
798 2389 864 2468 pos·
883 2432 909 2467 „

141 2473 206 2548 sint,
230 2475 331 2553 dispici
355 2478 463 2549 debet,
489 2478 537 2539 cui
555 2489 705 2553 competat
731 2471 864 2552 poffeffio
884 2515 908 2550 „

138 2554 364 2638 scripturarum,
390 2580 427 2622 ne
440 2562 464 2639 is
487 2561 655 2622 admittatur
667 2557 705 2621 ud
721 2576 790 2633 eae,
814 2557 862 2621 cui
883 2597 908 2633 „

140 2637 224 2706 nullo
247 2641 338 2703 modo
359 2645 509 2719 competit.
533 2687 556 2716 „
898 2701 903 2715 ,

99 2723 147 2802 (b)
181 2765 202 2798 ,,
221 2725 312 2807 Quod
345 2727 462 2803 (inquit
484 2746 506 2784 c.
524 2725 641 2801 XVI.)
663 2720 736 2784 fidet
771 2721 866 2785 nostra
887 2764 912 2797 ,‚

142 2803 313 2886 obsequium
325 2807 456 2886 apostolo
469 2807 595 2880 debeat,
610 2806 777 2885 prohibenti
790 2825 867 2883 quae·
887 2846 913 2879 „

143 2888 249 2954 stiones
268 2892 363 2965 inire,
381 2893 467 2953 novis
489 2890 611 2952 vocibus
642 2909 724 2951 auree
751 2907 866 2950 accom·
889 2928 913 2962 ‚,

145 2975 285 3046 modare,
297 2973 465 3037 haercticum
478 2974 538 3051 post
551 2991 637 3035 onam
651 2974 868 3050 correptionem
888 3012 912 3046 „
987 2970 989 2975 ’

148 3057 329 3128 convenire,
353 3077 413 3118 non
431 3058 492 3135 post
519 3056 754 3135 disputationem.
780 3098 802 3128 ,,

106 3134 152 3213 (c)
176 3184 199 3214 „
220 3139 274 3202 ista
290 3143 414 3216 (inquit
430 3162 453 3202 c.
471 3139 604 3216 XVII.)
630 3137 741 3199 haerefis
754 3156 814 3198 non
826 3155 870 3198 re-
890 3178 915 3211 „

116 3242 119 3247 ·
146 3224 221 3300 cipit
242 3224 380 3300 quasdam
401 3221 576 3298 scripturae:
595 3220 653 3285 &st
674 3240 744 3298 quae
766 3219 915 3296 recipit„

146 3306 359 3369 adiectionibus
390 3309 416 3368 δι
446 3304 674 3368 detractionibus
695 3304 732 3364 ad
756 3301 871 3380 dispost·
891 3344 936 3378 „,

148 3391 261 3452 tionem
292 3389 414 3451 instituti
432 3387 471 3451 sui
492 3389 632 3450 invertit:
683 3385 744 3449 &fi
765 3386 915 3462 recipit„

148 3489 210 3533 non
229 3474 335 3550 recipit
354 3474 480 3549 integras
501 3490 509 3532 t
540 3473 568 3533 ἃ
592 3469 808 3548 staliquatenus
825 3472 871 3528 iu·
891 3508 917 3542 „

148 3555 393 3633 tegraspraestat‚
417 3553 608 3616 nihilominus
631 3551 757 3616 diversas
781 3566 870 3627 expo·
893 3591 918 3624 „

149 3637 267 3699 sitiones
298 3652 497 3700 commentata
527 3635 684 3698 convertit.
743 3633 920 3708 Tantum„

151 3721 269 3783 veritati
290 3719 429 3797 obstrepit
449 3717 564 3783 adulter
581 3716 697 3798 sensus,
736 3730 920 3799 quantum„

153 3806 359 3885 &corruptor
373 3801 513 3883 styluu.„'
786 3815 788 3819 ‘
898 3806 900 3811 ’
