2302 4184
173 452 794 571 rrnrsrnnoottt'c.nt=
825 514 896 595 m
932 516 941 543 ν

83 688 151 745 mo
169 664 274 743 sexto
302 663 559 755 deseruerunt,
596 662 635 743 id
665 663 730 740 nili
754 660 896 747 smnmn

83 769 287 845 temeritate
313 765 430 844 facere
450 765 547 841 haud
569 761 754 864 potuisse:
782 765 899 845 tlteto

83 869 241 967 exponit
262 863 436 964 insuper,
453 862 542 964 quid
576 861 661 963 ipsis
686 862 895 945 faciendum

82 962 222 1056 fuisset,
245 988 287 1042 ut
301 989 503 1068 congruam
533 964 657 1042 hocin
679 989 719 1040 re
746 966 896 1044 cerrim-

82 1065 209 1143 dinem
228 1063 549 1155 consequerentur.
599 1062 836 1141 Ctrootus
856 1068 896 1146 δι

82 1191 193 1266 juni
208 1190 260 1243 us
274 1165 563 1265 reformatorum
578 1162 772 1254 doe'lores,
795 1161 897 1341 stim

87 1267 146 1346 olii
170 1267 532 1356 acuti,N1coLtti
555 1265 669 1341 libros
683 1262 826 1340 tefotnn
855 1289 901 1347 os

80 1366 306 1456 sumserunt,
326 1385 434 1464 atque
452 1362 644 1443 ostendere
658 1365 780 1442 coorti
799 1361 895 1461 sont,

85 1466 285 1544 catholicos
302 1468 340 1542 in
368 1463 600 1542 certitudine·
615 1487 780 1564 congrua
810 1460 898 1542 asse-

83 1565 229 1666 quendo
243 1567 361 1643 multo
372 1568 488 1667 magis
498 1566 671 1652 laborare,
688 1563 753 1662 qui
771 1562 807 1640 se
824 1567 897 1641 im-

83 1665 212 1744 menso
230 1667 464 1744 traditionum
486 1689 625 1743 oceano
639 1666 897 1743 committant:

84 1791 171 1842 cum
183 1769 233 1858 is,
254 1767 318 1865 qni
342 1766 423 1845 satis
461 1762 590 1843 firmite
617 1761 687 1841 else
713 1764 817 1853 velit,
856 1766 915 1855 ἃ,

84 1888 224 1957 certus,
246 1869 438 1965 inquiunt,
468 1862 561 1941 scire
574 1846 701 1943 ‹lebent
720 1858 795 1938 hoc
811 1860 896 1940 scri·

84 1989 230 2069 pturom
256 1965 368 2055 velle,
394 1985 436 2042 ot
458 1963 616 2079 ecclesiae
644 1987 715 2045 nos
732 1959 898 2064 subjicia-

86 2091 182 2147 mus.

133 2192 199 2271 IX.
223 2191 426 2269 Enimvero
440 2189 490 2267 illi
525 2202 570 2276 etr
597 2189 1050 2300 haereticio‚'·e'1uil{aeretiel

82 2291 265 2368 eeclesiam
295 2308 508 2379 externam,
547 2293 585 2368 &
617 2289 793 2367 vifibilem
831 2290 895 2368 ad·
908 2281 995 2360 Jonas
1007 2302 1077 2348 ⁰²⁰·

83 2395 256 2479 mittunt,
277 2388 379 2488 quod
395 2388 433 2463 hi
456 2388 610 2479 faciunt,
632 2394 670 2472 &
684 2389 770 2468 huic
784 2391 896 2471 eecle-
910 2364 1078 2513 ffis‘mffi,

83 2489 143 2569 stae
157 2488 286 2568 fastam
310 2489 589 2591 promissionem
600 2489 827 2579 concedunt,
851 2515 893 2569 ut
912 2464 1059 2593 ωζῒὲ·
1103 2546 1107 2555 ·
1135 2553 1137 2557 Α

84 2613 265 2669 eternum
283 2588 329 2669 fit·
378 2589 609 2684 odoratum,
627 2596 665 2674 &
683 2617 750 2695 per
762 2591 894 2669 orbern
912 2614 1049 2691 hume,

84 2692 295 2768 universum
359 2688 567 2769 iffundenclo
605 2692 733 2792 (quod
760 2718 807 2769 ne
853 2716 894 2770 re

85 2815 163 2867 non
180 2789 348 2893 poliunt,
372 2792 436 2890 qui
458 2788 567 2868 semel
582 2793 789 2870 concedunt
824 2794 895 2871 cri-

84 2911 251 2990 ptutom,
285 2915 371 2966 cum
399 2890 446 2983 tle
473 2891 614 2968 ecclesia
642 2893 827 2992 loquitor,
845 2890 895 2971 de

85 3010 238 3066 externo
258 3013 350 3065 coetu
373 2994 550 3092 quopiam
569 2990 701 3068 debere
719 2991 896 3094 intelligi.)

85 3112 164 3187 quo
180 3087 216 3164 se
235 3112 393 3177 vertant,
419 3114 460 3168 ut
475 3091 511 3168 se
528 3118 547 3170 o
562 3088 757 3170 schismatis
773 3094 894 3172 crimi-

86 3213 133 3264 ne
150 3188 284 3265 liberos
306 3187 458 3267 reddant
477 3191 498 3269 i
541 3191 892 3270 Aooust1nofic

86 3303 215 3388 operto
231 3287 305 3366 visa
322 3288 404 3365 sunt
426 3293 462 3368 δ(
481 3290 571 3370 claro
595 3292 780 3393 scriptume
798 3290 895 3368 testi·

85 3389 210 3465 monia
228 3386 428 3465 deecclesia
443 3414 589 3469 externa
605 3392 668 3487 (de
681 3416 753 3489 qut
769 3390 819 3466 illi
831 3390 893 3470 so-

86 3487 164 3564 lum
179 3509 304 3564 contro
323 3487 525 3567 Donatistas
540 3490 659 3568 sermo
672 3489 742 3567 elle
758 3493 894 3589 potuit,

87 3610 155 3663 nec
185 3585 394 3665 adversariis
417 3588 547 3666 nostris
568 3588 829 3680 diffitentibus)
850 3610 896 3669 ut

85 3685 176 3767 nihil
202 3688 331 3771 clarius
353 3683 424 3768 etse
449 3687 550 3793 polle
577 3690 771 3795 judicaret,
789 3686 895 3785 quod

714 3788 839 3877 multis
1023 3772 1093 3944 ⁴
