2302 4184
630 252 634 259 ι

53 362 60 369 ι

934 270 947 317 b

132 476 165 557 j
205 487 627 553 taratantoontc
654 491 783 553 ntrt.
837 485 908 571 565

138 633 205 715 tv,
227 633 401 734 Objicete
419 634 560 725 solent,
581 634 617 713 se
632 635 804 739 expulsos
830 637 902 717 ess'e
919 656 1060 727 Herenni

90 731 138 812 ab
156 731 298 811 ecclesia
317 735 503 821 Romana,
549 734 774 815 tarnenna
801 741 902 819 inau-
918 744 1030 819 erpuln

88 832 210 911 ditum
232 830 301 909 effe
315 830 557 912 damnatum:
582 830 686 935 fiqui
710 836 720 857 '
750 842 821 915 'tnt
843 860 900 917 tu·
919 825 1068 929 postea&

88 934 228 1010 multus
257 933 459 1041 extiterint,
498 932 659 1013 conferri
691 961 737 1013 eu
752 963 836 1038 pam
862 942 900 1016 in
916 913 1085 1052 ‘³¹¹³,msp'3'

88 1056 179 1123 nos,
204 1035 268 1131 qui
284 1033 391 1133 primi
411 1032 594 1110 Lu'rrtrnr
627 1034 776 1115 schisma
801 1036 900 1116 exci'-
916 1008 1075 1137 {2323

86 1133 288 1211 tavetimus
306 1182 317 1222 ,
347 1134 384 1210 δι
404 1131 567 1211 ecclefias
601 1131 900 1236 diffipaverimus.
916 1170 1064 1225 arnamar.

88 1232 276 1335 Imprimis
299 1231 444 1335 culpam
462 1256 649 1333 reponunt
673 1237 898 1325 inhorrent

91 1332 138 1413 X.
154 1333 675 1410 excommunicantemLurn
688 1359 739 1412 rr
751 1360 834 1431 ont,
858 1363 900 1420 ac

143 1429 213 1509 stea
242 1431 438 1507 concilium
463 1432 726 1511 Tridentinum
836 1434 901 1519 nes'
1012 1428 1018 1439 Χ

87 1457 332 1610 ssdotestantes
356 1529 744 1626 anathematizantem,
785 1538 903 1638 epnl.
955 1542 959 1553 ·
1065 1546 1069 1554 ’

86 1628 148 1710 sos
178 1620 298 1707 exiiffe
327 1629 508 1709 ecclesiam
543 1635 666 1710 secum
700 1659 902 1735 portantes.

88 1730 285 1834 Effugium
305 1729 423 1807 debile
444 1730 519 1808 hoc
546 1731 616 1823 est,
673 1735 712 1813 ἃ
734 1759 900 1813 vanum:

87 1830 339 1922 dicantenim,
363 1828 786 1932 quareexpulfifint,nifi
795 1832 900 1933 quod

86 1935 284 2009 contrarias
305 1928 489 2007 dosttinas
514 1933 748 2033 spargerent,
785 1958 902 2034 quam

87 2033 125 2109 in
143 2028 285 2108 ecclesia
307 2030 474 2107 Romana
491 2029 726 2123 obtinerent,
760 2058 802 2119 ac
823 2059 901 2112 car.

83 2152 214 2233 petent
234 2126 406 2229 dogmata
422 2126 532 2225 huius
556 2126 900 2236 ecclestae?Q10d.

84 2227 425 2323 fidottrina‚qnam
435 2226 709 2323 improbabant,
718 2226 757 2304 bt
772 2253 900 2310 contra

116 2353 201 2405 unm
221 2349 358 2401 novam
387 2322 608 2414 excitabant,
655 2322 785 2421 divino
815 2327 902 2406 fidei

87 2353 260 2527 depostto
298 2421 571 2510 adversabatur,
606 2422 682 2525 iam
720 2422 786 2525 ipfi
826 2427 901 2507 hoc

83 2523 327 2631 profitendo,
357 2520 540 2601 ecclesiam
563 2548 662 2602 ream
685 2545 708 2602 'a
736 2526 844 2605 ebant
866 2553 901 2606 a·

84 2626 269 2729 postastae,
296 2626 333 2704 ἃ
352 2622 537 2727 perfidiae,
553 2646 671 2724 ,atque
685 2547 779 2704 adeo
796 2630 900 2728 prius

83 2725 400 2815 condemnabant,
425 2747 535 2822 quam
561 2724 607 2802 ab
618 2750 659 2803 ea
676 2727 900 2828 expelleren-

82 2847 152 2906 tut.
204 2829 243 2908 Si
264 2825 340 2905 talis
354 2820 520 2904 doctrina
537 2849 615 2902 non
633 2847 720 2918 erat,
735 2852 818 2926 quae
836 2826 897 2904 di-

463 2923 577 3016 Nn3
722 2928 846 3015 vinam

125 3035 250 3117 spondet
268 3035 322 3099 tibi
340 3033 445 3098 semen
459 3031 776 3106 tantumtantum
800 3035 850 3099 illa
872 3074 896 3112 „

128 3122 251 3182 crimina
271 3117 318 3181 vel
339 3138 399 3180 non
413 3137 502 3193 veta,
527 3117 574 3182 vel
591 3136 651 3179 non
673 3137 747 3181 mea.
793 3119 851 3183 Sed
872 3157 896 3196 „

128 3203 193 3265 haec
214 3203 330 3264 interim
346 3201 476 3280 sepono,
502 3216 534 3266 tu
549 3201 667 3264 ostetrle
687 3201 844 3265 ecclesiam.
873 3241 898 3278 „

131 3285 221 3363 Quod
251 3286 282 3345 in
308 3282 483 3347 hodiernum
522 3284 610 3365 usque
643 3282 720 3345 diem
743 3285 898 3360 objicimur

127 3370 192 3445 jure
203 3368 309 3429 metito
320 3365 485 3441 iniseriam,
497 3369 544 3446 qui
556 3366 687 3446 quamvis
699 3367 750 3445 ipsa
760 3365 899 3430 scceiiunt

127 3470 190 3513 non
212 3451 355 3523 fecerint,
380 3469 481 3514 eorum
502 3464 599 3514 tamen
616 3449 705 3514 castra
720 3452 748 3515 n
766 3468 897 3512 conten.

129 3548 176 3596 tna
195 3532 360 3613 sequuntur.
378 3574 400 3610 „
412 3532 490 3596 Dum
518 3553 596 3608 vos,
617 3531 696 3595 valet
708 3532 757 3596 hic
778 3532 851 3596 iliud
872 3571 897 3610 „

126 3618 260 3681 Orrarr
274 3662 284 3691 ,
297 3619 311 3691 (
325 3619 358 3680 t„
376 3619 415 3681 11.
439 3610 541 3680 co'ntra
564 3616 726 3693 Parata.)
747 3614 850 3695 paren·
871 3655 895 3693 „
972 3617 976 3627 '

126 3711 191 3763 tum
207 3718 338 3763 ettotem
356 3699 515 3775 colenter,
542 3697 666 3764 studiose
677 3698 848 3781 defenditis,
868 3738 893 3780 2

125 3782 257 3850 haeredea
276 3781 391 3849 sceleris
409 3780 468 3852 effe
485 3781 626 3852 toiuistit.
649 3823 675 3867 ,0
