2250 4206
287 562 340 625 20
446 562 522 624 ut.
545 558 940 622 utuottsrttmo

96 717 210 799 neque
338 708 403 788 tv.
425 706 569 785 Frustra
594 728 686 810 ergo
706 729 897 787 recurrunt
916 704 960 788 ad
988 726 1093 787 natus

103 803 233 901 mundus
289 832 341 889 1·ae
363 806 500 887 insitam
522 811 625 898 virn3
658 804 753 884 redit
768 810 867 887 enim
888 812 991 911 prior
1019 805 1092 885 dif-

101 886 272 1032 estssui'au.
289 908 425 989 ficulna
437 955 449 998 ,
485 905 669 984 undenam
692 904 815 986 fitilla
854 930 991 986 naturae
1023 909 1093 998 via,

105 990 199 1127 affl}
212 1052 270 1115 Ena
290 1008 488 1113 praesertim
512 1005 705 1105 conjuncta
732 1031 818 1084 cum
850 1011 1008 1087 materiae
1028 1006 1092 1084 iia-

104 1138 235 1201 exterius
289 1130 347 1194 tu,
370 1130 455 1205 quae
472 1128 568 1203 opus
593 1104 701 1183 habet
732 1126 808 1183 non
830 1106 947 1187 solum
970 1134 989 1184 a
1012 1128 1091 1206 quo

103 1218 231 1284 necesse·
288 1205 419 1283 formis
432 1225 647 1294 exornetur,
678 1202 867 1284 sedetiam
889 1205 985 1284 unde
1002 1207 1094 1284 oria·

48 1290 66 1393 i
104 1304 191 1366 :ium
287 1327 365 1394 tur,
392 1302 694 1407 producaturque.
747 1304 968 1395 Invenimus,
986 1330 1024 1383 ar
1075 1350 1093 1369 ·

184 1439 218 1495 a,
284 1393 521 1484 men'taturD.
530 1404 769 1496 Tuomsma)
785 1407 928 1482 enimin
937 1328 1095 1483 istisded·

280 1502 441 1581 fibiiibus
458 1500 528 1580 eise
542 1499 711 1579 ordinem
724 1501 909 1582 causarum
935 1505 1094 1581 efficien-

281 1605 397 1694 tium,
414 1626 482 1678 nee
499 1624 619 1681 tamen
632 1603 828 1693 invenitur,
843 1604 946 1702 quod
958 1600 1092 1703 aliquid

280 1700 325 1780 fit
345 1699 447 1780 causa
463 1700 622 1778 efficiens
643 1699 831 1803 suiipfius,
868 1706 954 1801 quia
976 1702 1023 1778 iic
1040 1707 1094 1779 ei·

282 1798 342 1880 set
355 1803 457 1904 prius
469 1797 616 1902 seipso,
660 1798 762 1900 quod
786 1798 838 1876 eii
866 1802 1091 1902 impossibiie.

284 1896 335 1981 Et
351 1902 525 1999 quoniam
541 1897 701 1976 mundus
713 1898 946 1978 istecontinet
964 1898 1093 1978 seriem

288 2001 616 2100 contingentium,
666 1993 840 2078 absurdus
881 1994 1093 2102 progreiius

288 2098 393 2179 fieret
411 2102 449 2174 in
463 2096 665 2189 infinitum,
692 2096 757 2173 nifi
779 2096 924 2175 tandem
944 2097 988 2176 ad
1013 2126 1094 2178 cau-

290 2196 367 2278 sam
379 2200 552 2375 1ffimatn
574 2198 807 2291 deveniatur,
846 2222 931 2297 quae
955 2197 998 2275 su
1028 2224 1096 2279 ena

288 2322 378 2375 nece
458 2322 548 2394 um3
593 2299 798 2375 invenimus
820 2300 947 2390 enim,
994 2298 1106 2379 idem·

289 2394 396 2479 Tuo
404 2421 494 2479 uas
518 2399 771 2495 ratiocinatur,
804 2399 843 2477 iu
866 2398 1094 2578 rebusdaquat-

1002 2524 1043 2577 m

206 2758 212 2767 ,
335 2702 401 2751 tum
419 2684 527 2766 primae
548 2678 675 2762 origines
694 2702 734 2747 ex
748 2682 921 2760 antiquitate
934 2682 1093 2760 depromit.
1111 2680 1115 2685 ’

332 2770 493 2847 Quacum
524 2771 621 2827 omnia
643 2767 761 2828 demum
792 2765 931 2827 industria
966 2764 1094 2831 humana

329 2850 456 2913 sucoeiiu
479 2864 644 2925 temporam
665 2847 783 2911 exculta
799 2846 933 2923 legantur
955 2850 1095 2925 tempori.

332 2931 387 2993 bus
405 2931 491 2993 nebia
511 2930 661 3007 cognitis,
677 2934 705 2992 dt
716 2948 776 2990 uon
792 2928 952 2991 admodum
973 2934 1095 2997 remotis

329 3012 484 3075 ostendant
507 3010 648 3075 mundum
670 3018 757 3089 a'tque
771 3009 905 3073 homines
919 3027 1025 3075 aeterna
1043 3034 1094 3095 ge·

328 3097 512 3158 uerationum
532 3094 603 3157 serie
615 3094 693 3157 haud
712 3094 859 3174 gaudere3
890 3096 1007 3158 &curn
1031 3096 1093 3161 suo·

330 3176 407 3240 ceffu
420 3179 538 3241 tandem
551 3194 718 3255 temporum
739 3196 776 3239 ex
796 3177 909 3239 mundo
922 3177 1014 3242 subito
1025 3181 1093 3244 fun·

330 3278 433 3335 gotum
445 3261 532 3322 instat
546 3261 617 3321 oriri
638 3259 715 3321 haud
735 3261 906 3337 potuerint,
927 3261 1036 3326 debere
1061 3285 1092 3326 a.

328 3341 429 3420 gnoici
450 3359 611 3406 creatorem
630 3341 804 3419 aliquemne
821 3345 1008 3422 principium,
1022 3365 1091 3410 cum

328 3424 388 3500 ipsa
408 3442 510 3489 natura
527 3425 616 3486 hodie
631 3443 681 3486 eoa
703 3426 859 3502 stupendos
883 3447 908 3487 e.
919 3445 948 3504 g.
970 3428 1000 3488 in
1021 3448 1088 3507 pro·

328 3507 468 3569 dudione
481 3506 610 3568 hominis
637 3506 756 3569 effeetus
777 3510 864 3570 edere
883 3508 1007 3586 amplius
1028 3531 1091 3574 non

327 3587 438 3668 poiirt,
462 3609 534 3665 quoa
550 3588 689 3652 debuiffet
699 3591 840 3667 prestare,
853 3593 969 3668 quando
979 3595 1090 3672 primae

329 3690 671 3750 quarumcunquererum
688 3673 797 3749 speciea
812 3672 968 3751 presertim
979 3678 1088 3743 auima-

330 3753 369 3816 iia
389 3756 417 3816 dt
435 3754 568 3817 hominen
588 3754 720 3831 proferre
734 3756 883 3823 debuiffet

287 3839 339 3924 (a)
372 3834 403 3901 P.
417 3834 441 3903 Ι.
455 3856 484 3918 q.
502 3856 566 3905 aa
581 3856 646 3921 aa.
