2302 4184
144 502 292 573 rana
325 502 600 573 accras-tn
645 503 755 575 ott.
824 512 900 604 ,ες

81 674 217 771 aperiri
231 672 595 773 januas,experientin
605 670 679 771 ipsa
694 669 801 750 teste:
814 700 900 753 curn
917 692 1043 761 aronam

83 775 162 855 fine
183 776 242 851 via
263 768 486 850 audioritatis
505 771 600 848 nulla
634 771 716 873 spes
745 799 786 852 ac
808 780 902 855 ratio
918 782 956 842 de
983 781 1044 844 fide

86 871 240 978 superlit
253 870 390 973 figendi
404 893 545 948 certum
563 872 720 971 aliquem
747 871 903 978 scriptu.
919 862 1016 926 nullus
1032 882 1087 941 ρο·

87 1001 141 1055 m
160 970 316 1051 sensum.
365 974 558 1074 Quoniam
574 976 721 1049 veroin
748 974 809 1052 ista
835 977 905 1055 do·
919 948 973 1010 ¹⁸st
987 946 1044 1047 effe

87 1072 313 1180 gmatizandi
341 1072 504 1149 libertate
532 1071 726 1151 audieritis
757 1076 906 1179 penitus
919 1045 1072 1094 “mnu‘'

90 1172 240 1277 explosa
254 1172 323 1263 eil,
349 1198 416 1249 nec
440 1169 634 1257 consistere
662 1194 748 1251 cum
770 1176 905 1276 princi-

89 1279 163 1377 piis
178 1271 450 1350 reformationis
467 1270 616 1372 potest,
652 1274 738 1353 inde
766 1274 907 1369 accidit,

90 1399 136 1455 ut
154 1400 221 1451 nec
239 1373 350 1451 novis
364 1370 648 1476 dogmatibus&
666 1372 770 1453 settis
786 1374 910 1459 oblini

93 1473 214 1578 poffit.
249 1472 385 1570 Neque
400 1474 473 1573 jarn
490 1470 670 1574 supereffe
684 1474 804 1577 potest
825 1473 908 1579 spes

94 1571 245 1654 finiendi
263 1571 499 1673 quaeliiones,
523 1577 854 1676 contentionesque
868 1580 909 1659 iu

96 1672 200 1753 cause
216 1672 300 1751 fidei
323 1675 361 1753 dt
381 1672 597 1777 religionis,
630 1674 781 1773 quando
811 1674 909 1759 nulle

96 1773 306 1879 agnoscitur
326 1771 501 1875 obligatio
532 1771 722 1853 deferendi
759 1775 910 1879 alicujus

97 1873 285 1955 tribunalis
307 1872 394 1950 sacri
407 1871 632 1952 auetoritatiz
679 1875 784 1976 quod
815 1874 907 1957 dum

98 1976 162 2067 fit,
185 1999 252 2051 nec
265 1971 362 2052 ordo
372 1973 582 2071 conservati
604 1976 742 2074 potest*
764 2002 832 2058 nec
852 2004 909 2058 te-

100 2075 266 2157 medium
281 2071 440 2178 superest
457 2073 680 2173 reprimendi
696 2129 708 2164 ,
739 2103 801 2157 ant
817 2105 922 2158 con·-

100 2175 297 2256 demnandi
314 2199 477 2252 errores:
503 2198 570 2249 nec
587 2173 655 2251 ulla
668 2177 815 2258 unionis
828 2206 913 2259 mu·

102 2301 179 2358 tuae
199 2275 457 2354 conservandae
474 2274 567 2352 ratio
580 2273 712 2373 praello
728 2275 912 2378 est,quam

103 2380 229 2456 omnia
245 2376 342 2475 aequi
357 2377 521 2551 bonigue
534 2368 780 2467 consulendo,
800 2403 841 2456 tc
859 2382 913 2456 in·

104 2477 315 2558 differenter
328 2474 445 2553 haben
472 2498 671 2575 oqutsque
691 2474 738 2555 de
765 2479 914 2581 religio-

105 2575 536 2758 grtrggpinionesfflngulas
549 2574 912 2757 ‘⁰¹{mssd0s}⁶l?¹⁹²⁰

124 2706 143 2757 a
182 2701 284 2754 iones
376 2701 504 2752 uaecun
532 2702 579 2753 ue
620 2702 737 2755 acram
781 2706 832 2756 ert
860 2701 916 2758 tu-

109 2805 187 2859 ram
210 2701 426 2880 agno'scssnt,
450 2702 533 2853 licei
550 2779 589 2852 in
605 2779 683 2877 ejus
701 2707 915 2884 interpreta-

109 2883 210 2957 tione
225 2881 262 2952 in
286 2875 535 2955 diverfillrmas
550 2877 678 2955 abeant
700 2883 914 2981 opiniones:

109 3005 196 3056 cum
215 2976 305 3052 nihil
322 2976 435 3066 obsit,
481 3002 559 3076 quo
584 2981 705 3054 minus
724 2985 919 3079 unusquis-

99 3084 185 3180 ''que
203 3076 331 3154 firmus
348 3081 385 3152 in
404 3075 462 3154 sua
473 3076 607 3155 haeteat
622 3077 918 3178 sententia‚quod

112 3181 297 3256 neminem
325 3174 519 3279 agnoscere
554 3175 798 3279 obstringetur
823 3178 921 3278 judi·

112 3305 215 3364 cem,
235 3275 417 3377 poffitque
435 3278 511 3353 imo
528 3275 655 3354 debeat
672 3279 793 3376 quivis
818 3279 921 3378 sequi

112 3381 277 3481 propriae
296 3379 427 3453 mentis
443 3374 719 3478 persutlionem.
778 3378 922 3457 Frustra

113 3503 206 3582 ergo
230 3475 312 3553 sunt
326 3501 455 3552 omnes
473 3474 669 3554 decisiones
690 3477 741 3554 do
809 3502 922 3567 atum,

115 3602 247 3655 omnes
267 3575 529 3663 conferimus,
561 3601 602 3653 ac
627 3576 751 3657 formu
765 3605 796 3655 ae
818 3577 921 3654 fideia

113 3674 407 3760 &Protesttntes
429 3697 557 3757 eontra
577 3683 727 3782 propria
748 3679 925 3783 principia

786 3803 874 3884 ege·
