2302 4184
615 338 618 347 ι

156 366 164 377 ι·

419 472 782 544 PRAEFATIO.

65 633 67 639 ’
97 622 293 711 exhausto
310 646 467 709 oceano
488 626 781 751 eommittoot:
811 626 993 747 dumque
1009 638 1097 749 pri-

95 742 174 825 vati
191 742 237 821 in
255 734 385 821 rebus
404 734 495 819 fider
505 734 667 847 spiritus
681 739 1035 851 judiciodefertur,
1042 748 1094 836 ad

65 827 69 962 i
99 846 279 937 naturale
313 846 476 934 tandem
502 848 714 934 arbitrium
738 856 872 937 omnis
895 857 1095 971 redigitur

99 960 186 1048 fidei
221 988 275 1074 ap
310 984 455 1046 aratus.
523 961 730 1071 Quoniam
764 993 863 1050 vero
899 968 1006 1057 reeta
1039 973 1092 1059 de

65 976 80 1210 i
99 1072 210 1162 1)Εο
225 988 440 1188 regiisque
456 1070 603 1157 divinis
619 1073 811 1160 sententia
830 1104 913 1163 non
933 1101 1094 1169 tenetur

100 1184 340 1282 salubriter,
368 1184 440 1269 oifi
459 1182 538 1267 fide
558 1183 693 1270 divina
709 1209 721 1293 3
751 1186 836 1273 haee
855 1215 992 1277 autem
1011 1222 1094 1283 oon

65 1292 72 1439 ᾗ
101 1297 146 1383 ab
172 1298 344 1411 ingenio
369 1296 528 1393 nostro,
547 1295 990 1416 conjeiiotiooibusque
1013 1304 1094 1391 hu-

65 1446 68 1515 5
103 1413 205 1497 mani
229 1406 459 1495 intelletios
484 1406 621 1493 haberi
648 1412 790 1523 potiit,
815 1412 906 1497 inda
939 1416 1119 1503 andum'

103 1522 154 1607 est
170 1548 256 1606 non
273 1520 418 1633 spiritu
434 1522 620 1633 privato,
645 1547 715 1606 aut
741 1520 892 1636 judicio
909 1442 1093 1615 firmano

103 1628 246 1731 fallaci,
265 1630 337 1717 sed
353 1629 555 1739 ejusmodi
572 1632 712 1745 regola
726 1638 1093 1752 praestitutmqoam

104 1744 266 1833 DEUS
288 1742 410 1829 nobis
431 1744 707 1841 commendat,
723 1745 892 1831 ecclefiae
911 1753 1093 1863 inquam,

104 1861 162 1945 cui
178 1856 391 1973 promiffio
407 1854 511 1942 faita
527 1857 582 1943 est
598 1856 813 1945 affistemiae
834 1865 1035 1972 perennis.

153 2084 319 2197 ltaque,
341 2106 436 2197 quae
459 2080 589 2194 potest
603 2078 681 2166 effe
696 2080 826 2197 major
844 2082 1031 2169 securitas
1050 2084 1091 2169 in

110 2194 262 2283 delestu
277 2192 519 2307 dogmatum
536 2193 864 2290 christianorum,
882 2224 1007 2309 quam
1024 2196 1092 2279 su-

108 2306 272 2421 scipere,
290 2333 384 2422 qoae
401 2306 517 2393 nobis
532 2304 581 2392 ab
593 2305 752 2391 ecclesia
766 2303 919 2391 fuerint
936 2334 1092 2419 propo-

107 2418 179 2506 sito
235 2422 350 2507 Cum
374 2418 484 2504 enim
516 2420 558 2501 in
583 2446 629 2502 ea
655 2417 798 2513 cattio,
820 2446 912 2531 qua:
946 2420 1092 2503 summi

108 2534 297 2619 momenti
316 2526 393 2629 est,
416 2528 643 2645 cujusmodi
661 2529 806 2641 religio
823 2532 900 2626 est,
920 2535 1092 2615 maxime

108 2642 235 2731 secura
270 2670 356 2735 non
386 2640 602 2729 coni'estari
632 2642 870 2740 ‚dementia
898 2642 971 2738 fit,
1002 2644 1094 2753 quis

109 2756 272 2843 ecelefiae
295 2752 493 2841 'odicium
515 2754 695 2840 humano
724 2756 873 2867 coique
890 2779 971 2836 non
989 2780 1096 2864 prae-

69 2952 73 2983 ζ
110 2866 226 2955 ferit.²
267 2782 397 2978 Qud
429 2892 602 2981 quantos
636 2868 677 2950 in
710 2894 868 2951 errores
891 2865 1094 2950 abducere

70 3030 73 3070 ;
111 3006 168 3065 eos
186 2978 332 3075 ioleat,
355 2980 429 3093 qui
448 2981 483 3062 ei
508 2978 547 3062 se
562 2977 753 3073 credunt,
770 2978 954 3092 quotidie
975 2973 1096 3061 fune·

69 3142 75 3216 3
114 3093 257 3179 stiffima
272 3090 498 3177 edocemur
511 3093 768 3202 experientia.
825 3088 1006 3173 Ecclefiae
1025 3114 1097 3171 ve-

65 3230 74 3265 ·³
113 3204 384 3293 monetoritos
399 3229 495 3288 cum
510 3202 705 3286 divinitus
723 3200 768 3284 iit
783 3203 995 3286 constituto
1007 3198 1098 3308 (ot-

114 3342 195 3428 pote
219 3320 288 3403 cui
307 3318 335 3401 S
369 3318 485 3399 iritus
509 3313 665 3400 litteius
688 3339 888 3423 perpetuo
911 3313 1099 3394 astituros

65 3464 76 3539 r
115 3434 158 3515 est
171 3433 306 3545 promi
345 3426 415 3540 us)
434 3427 461 3511 st
478 3422 654 3522 falleret,
669 3424 783 3510 DEO
803 3420 1002 3534 promiffis
1016 3443 1102 3500 non

65 3552 76 3619 ¹!
115 3542 209 3630 stimi
237 3544 418 3658 potius,
448 3565 572 3653 quam
609 3534 779 3623 ecclefiae
804 3532 927 3617 fidem
951 3525 1104 3614 fallenti

73 3758 78 3803 Ι
117 3656 312 3747 videretur
334 3650 629 3748 tribuendum,
644 3645 760 3764 quod
776 3634 1106 3853 cogitareffitefas.

562 3790 639 3866 24
1002 3780 1053 3847 0-
