2302 4184
996 284 1002 299 Ρ

375 318 385 351 a·
733 336 739 345 Ι

382 354 386 361 ·
1048 354 1053 367 t

86 472 93 489 ⁴

274 469 338 544 ,34
461 466 534 528 aa.
557 408 936 525 aanonsaaa'iao
1048 421 1050 424 Α

282 635 341 693 ter
360 612 436 691 imo
470 610 737 705 nonnunquam
768 625 909 689 contra¹
924 608 1094 690 volunta·

209 800 213 805 ,
285 735 383 798 tem,
406 711 507 811 cujus
524 712 679 786 rationes
697 706 919 808 potilltmum
938 710 1092 885 ignitera

203 804 208 815 ’
285 815 359 890 vita
378 808 606 910 seprodent3
641 832 725 906 quae
753 832 837 896 cum
865 807 947 899 sata
973 808 1093 914 ltuca

211 922 213 926 ”
284 908 483 1005 conspedlu
509 906 633 985 nostro
658 929 815 997 remota,
848 907 937 984 solet
953 908 1093 1009 potilli·

284 1034 389 1088 mum
403 1007 509 1086 dubia
527 1005 572 1082 de
582 1006 811 1122 providentia
825 1009 989 1097 excitare,
1005 1032 1092 1087 cum

285 1107 434 1186 deberet
451 1111 487 1186 in
505 1107 611 1183 nobas
632 1104 773 1181 sensum
794 1132 879 1182 eum
896 1106 1093 1191 confirma.

284 1232 349 1298 te,
389 1233 430 1286 ac
446 1210 582 1284 nutrire
605 1202 704 1305 spem
726 1207 818 1280 inter
846 1227 902 1282 tot
932 1211 1092 1286 maxime

285 1306 462 1395 miserias,
487 1332 528 1384 ac
545 1305 756 1382 calamitates
779 1303 886 1402 hujus
906 1309 1008 1398 vitae,
1038 1311 1094 1384 in.

285 1430 343 1486 ter
360 1425 563 1487 tot⁸terum
600 1431 639 1480 ac
666 1403 896 1481 fortunarum
928 1432 1094 1484 commu-

285 1507 458 1597 tationes,
474 1509 515 1585 &
533 1501 786 1594 viciffitudines
793 1486 814 1592 ,'
822 1507 916 1581 inter
959 1532 1016 1583 uae
1036 1510 1094 1583 ni-

283 1604 312 1685 st
327 1604 514 1682 credamus
528 1602 673 1702 aliquod
683 1605 848 1694 Numen,
861 1531 963 1705 quod
979 1606 1092 1686 nostri

285 1730 409 1783 curam
471 1727 547 1794 rat,
572 1706 609 1784 dt
633 1701 680 1782 fic
698 1705 734 1779 in
764 1702 864 1806 spem
910 1708 945 1804 ἶ
975 1731 1092 1799 amur,

285 1807 400 1882 vitam
449 1829 599 1907 egemus
622 1805 723 1882 omni
742 1827 922 1880 carentem
966 1807 1091 1886 olatio.

283 1903 385 1982 Cum
403 1903 450 1980 fic
476 1930 551 1980 non
569 1902 686 1979 solum
710 1901 892 1995 securitas,
906 1930 1036 1981 verum
1053 1933 1092 1982 e·

284 2006 371 2082 tiam
404 2003 635 2178 tran?uillitas
671 2005 794 2079 omnis
834 2009 950 2083 avita
974 2002 1089 2083 abelle

285 2100 433 2191 debeat,
493 2129 505 2177 t
530 2102 662 2179 nullam
693 2126 804 2202 opem
831 2104 1035 2204 exspectare
1068 2131 1089 2183 a

282 2201 458 2303 supremo
480 2202 646 2280 Numine
661 2200 781 2293 liceat,
806 2227 930 2282 contra
943 2205 1089 2302 iniquos

280 2302 484 2396 invasores3
518 2302 650 2378 nullam
672 2300 840 2401 justitiam
871 2324 995 2381 contra
1019 2307 1088 2380 im-

309 2403 364 2479 ios
380 2398 630 2504 oppressores:
649 2402 712 2478 ubi
728 2424 867 2479 tantum
885 2405 943 2504 jus
953 2402 1089 2482 virium

279 2427 492 2580 lominibus
519 2524 705 2579 tuncrum
730 2501 854 2579 belluis
879 2527 1089 2595 commune,

279 2598 499 2703 sperandum
520 2600 599 2677 est:
635 2599 765 2676 scilieet
784 2603 888 2700 quale
913 2601 1022 2704 lupus
1048 2605 1086 2687 in

280 2725 393 2778 ovem
412 2752 422 2790 ,
447 2701 504 2776 leo
524 2702 561 2775 in
579 2701 708 2801 lupum
722 2699 852 2792 habet,
868 2700 1018 2801 quando
1033 2701 1088 2779 su-

280 2802 400 2899 premi
416 2798 550 2895 judicis
571 2801 695 2876 omnia
711 2802 894 2893 intuentia,
912 2824 1019 2900 atque
1027 2828 1083 2878 re-

174 2915 183 2937 ¹
280 2922 363 2975 rum
384 2898 568 2974 arbitrium
589 2898 630 2976 ad
654 2899 690 2981 se
710 2899 881 2985 trahentis
903 2924 1021 2979 metus
1047 2905 1085 2982 dt

277 2996 460 3096 respedlus
479 2997 597 3076 nullus
614 2997 676 3077 est.
725 3001 822 3108 Qtis
840 2998 948 3078 ardor
965 3005 1086 3081 erit&

276 3093 435 3173 studium
460 3097 559 3189 boni,
577 3101 656 3174 veri
674 3102 711 3176 dt
724 3099 928 3194 constantis,
950 3099 1023 3176 fine
1045 3099 1088 3177 fi-

202 3293 205 3296 A
278 3191 382 3371 lducia
404 3200 440 3276 ὃ(
466 3197 527 3349 spe
543 3202 583 3276 in
602 3197 760 3299 supremi
779 3199 952 3278 Numinis
987 3202 1087 3280 tetri-

191 3313 198 3329 ’
304 3318 492 3374 utronem.

32 3462 52 3524 -Δ
95 3417 134 3486 Et
157 3420 233 3492 faria.
326 3434 392 3511 Vl.
417 3432 619 3529 Nunquam
648 3453 742 3509 vero
768 3430 997 3520 conscientiae
1028 3404 1086 3515 lli-

199 3587 204 3606 a
277 3531 367 3610 muli
395 3529 656 3613 suntcelsatuti
676 3530 773 3628 apud
798 3559 886 3632 eos,
911 3538 977 3632 qui
1002 3560 1092 3637 pro-⁴

276 3631 475 3714 videntium
495 3653 649 3734 negant,
667 3630 809 3735 ssftustra
831 3632 897 3712 illis
923 3633 1084 3814 alitriffnte
