2302 4184
177 494 314 582 eunn'
348 521 591 581 uernum.
610 520 752 580 exvn.
826 518 899 596 517
938 602 945 607 ⁸

131 666 235 746 vul.
262 667 397 766 Neque
414 689 548 757 nutem,
564 687 605 744 ut
621 664 805 758 diiiinnt,
822 662 897 741 hoc
913 676 1042 744 unitati·

82 769 232 845 unitatis
257 766 492 845 ecclesiasticae
521 765 572 844 est
607 764 900 855 fundumentum,
915 763 1080 828 ecclefiani.

85 865 150 945 sed
168 867 264 944 ordo
279 871 318 946 ἃ
332 870 514 944 connexio
534 864 785 943 membrorum
803 868 897 941 inter
917 864 957 942 οἳ
973 848 1080 993 03ῐάοἐ

86 964 125 1045 se
146 1010 176 1054 ,·
196 969 234 1046 ἃ
256 992 341 1043 cum
374 970 506 1067 capite,
532 964 695 1068 ejusdem
718 964 894 1043 dostrinae
913 948 1058 1074 afflue?

86 1064 385 1169 conspiratione,
408 1069 444 1142 in
464 1064 530 1143 illis
545 1066 671 1155 rebuS,
694 1089 779 1164 quae
794 1060 896 1153 ndfi·
914 1090 1078 1159 uuintedi.

85 1164 148 1244 dei
165 1164 403 1243 necessitatenr
434 1165 612 1263 penam,
637 1189 722 1240 cum
746 1167 785 1241 in
799 1223 802 1228 .
816 1165 891 1240 aliis
912 1177 1039 1241 verrius.

83 1267 250 1367 opinari,
275 1269 312 1344 δι
346 1261 528 1344 diffentire
566 1267 660 1343 inter
689 1262 728 1340 se
760 1260 893 1365 poffint

86 1364 268 1456 homines,
281 1364 398 1442 modo
415 1364 534 1442 inillis
551 1367 790 1454 conveniant,
805 1386 889 1465 quae

84 1463 132 1545 ud
151 1465 304 1543 ecclesiae
320 1464 432 1542 fidem
450 1466 644 1567 pertinent.

136 1609 199 1690 IX.
224 1609 352 1785 (fluere
370 1606 459 1686 falso
476 1608 571 1687 inter
593 1609 703 1689 fedius
727 1609 893 1692 ethnico-
910 1618 1063 1695 calumnia

85 1734 171 1790 rum
192 1707 253 1809 ph‘
270 1708 518 1817 esophorum,
543 1712 580 1791 ἃ
599 1707 740 1788 diversa
757 1713 893 1791 institu·
911 1706 949 1767 ⁶⁶
981 1707 1078 1804 dien.

85 1830 126 1889 tu
155 1806 330 1888 ordinum
357 1808 614 1911 religiosorum
652 1835 736 1887 corn
765 1816 891 1890 uratio—
911 1788 946 1930 ξς
966 1789 1077 1932 θ’ἓῗ·

84 1934 174 1988 nem
199 1907 398 1986 instituunt.
467 1909 528 1984 An
550 1932 592 1986 ut
617 1911 711 1988 inter
741 1938 762 1989 e
784 1911 896 1989 secer·
913 1889 966 2014 sti}
998 1890 1077 2017 refd:

83 2032 224 2087 nuntur
258 2008 326 2098 illi,
352 2007 416 2106 qui
440 2007 611 2083 DEUM
647 2032 797 2111 negant,
832 2032 894 2090 aut
913 2050 998 2099 tatur.

81 2108 383 2212 providentium,
425 2107 581 2182 unimam
603 2132 688 2182 curn
733 2136 895 2213 corpore

82 2210 204 2310 perire
227 2204 529 2305 voluptatemque
549 2200 733 2282 summum
751 2209 893 2285 bonum

83 2305 329 2390 constituunt,
354 2299 487 2377 eodem
523 2302 640 2378 modo
657 2305 752 2383 inter
775 2305 812 2382 se
836 2305 893 2383 di·

83 2402 153 2483 viii
176 2403 228 2480 ob
254 2398 394 2479 diversa
416 2402 502 2479 vitae
527 2400 705 2494 instituta,
735 2403 892 2483 habendi

83 2503 171 2584 sunt
184 2500 442 2604 religiosorum
462 2499 609 2580 ordines
633 2500 653 2578 ἲ
704 2505 784 2606 Qri
802 2530 894 2584 una·

85 2608 205 2685 nimes
223 2605 260 2679 in
279 2599 409 2689 domo,
431 2597 520 2677 dum
546 2626 675 2682 ornnes
693 2603 894 2707 perfeiiio·

81 2730 170 2784 nem
184 2729 203 2781 n
217 2700 409 2780 christiano
427 2702 465 2780 in
481 2703 672 2803 evangelio
689 2702 898 2804 reqnifitam

85 2802 367 2892 consedanmr,
407 2799 451 2880 ud
471 2801 622 2885 eandem
657 2828 749 2882 vero
771 2806 894 2905 perfe-

86 2905 249 2982 ctionem
280 2900 430 2981 diverfis
455 2902 524 2979 viis
570 2903 765 2981 currunt?
812 2903 893 3009 Qui

86 3025 253 3080 centrum
277 3003 421 3079 unitatis
435 3000 648 3105 ugnoscunt,
665 3003 894 3085 &ecclesiam

85 3099 279 3183 audiunt?
327 3100 447 3212 Quod
470 3126 518 3181 ex
553 3102 777 3183 Auous'nno
806 3102 895 3181 affe-

84 3222 191 3290 runt,
215 3197 294 3277 ncfi
318 3201 487 3302 gentiles,
505 3204 543 3281 ἃ
561 3196 627 3303 ipii
646 3204 792 3281 unitatis
813 3201 894 3304 spe-

84 3305 179 3379 ciem
195 3299 473 3400 praesetulerint,
485 3326 531 3377 ex
543 3300 675 3380 eodem
692 3301 796 3379 fonte
806 3328 893 3380 con·

84 3402 233 3483 furatur.
286 3397 391 3495 Quid
413 3403 511 3477 enim
533 3401 642 3478 refert
660 3402 763 3480 iocus
777 3404 891 3496 idem,

83 3501 113 3581 st
148 3496 389 3583 diversrffimae
420 3499 489 3577 fint
522 3504 716 3601 opiniones
746 3502 792 3579 de
809 3503 891 3594 diis,

84 3602 234 3698 uliisque
249 3597 358 3677 rebus
376 3597 505 3677 sacris:
529 3618 649 3700 ne'que
686 3606 722 3682 S.
741 3605 891 3680 Auno-

90 3722 258 3797 urtnuu
276 3696 323 3777 de
339 3697 541 3801 posteriore
557 3699 625 3778 hac
657 3705 791 3782 unitate
819 3701 894 3779 ser.
947 3726 949 3730 ¹

500 3800 615 3896 ΚΗ
782 3827 873 3884 nto-
