2302 4184
159 454 626 603 tannstutanntt.
660 500 769 571 nm·
824 486 904 601 5„

81 672 240 753 ecdefiae
257 696 317 751 eas
331 671 439 750 nobis
454 670 680 770 reliquerunt
696 670 898 765 cautiones,

84 798 173 875 quoe
200 772 303 852 nulio
322 770 404 849 casu
420 770 489 849 fint
506 768 696 851 violanda.
747 770 898 875 Quem·

82 872 287 954 admodum
299 876 408 951 etiam
436 872 473 951 8.
487 872 651 951 lemnus
671 870 815 947 nullum
831 868 897 949 ad-

80 1000 130 1053 eo
155 976 299 1052 bonum
337 970 609 1051 reformationis
643 968 804 1047 eccleiioe
831 992 893 1049 ac-

84 1074 208 1155 cidere
253 1068 356 1177 poss'e
397 1070 575 1163 edixerat,
624 1068 703 1147 uod
723 1066 767 1147 iit
788 1094 894 1151 com·

81 1172 287 1279 parandum
307 1198 394 1251 cum
410 1170 509 1251 malo
525 1096 731 1250 scitiimatia

136 1300 203 1383 ΙΙΙ.
228 1300 314 1381 Nec
343 1300 452 1379 nobit
482 1298 653 1401 objiciant
683 1298 895 1405 exemplum
913 1308 943 1377 8
961 1312 1064 1383 cm.

84 1402 122 1479 8.
141 1400 336 1493 Ctmmut,
361 1399 427 1501 qui
445 1404 619 1479 acerrime
634 1422 761 1479 contra
779 1402 894 1479 eccle·
912 1392 944 1495 ¹¹?
959 1396 1051 1477 ”⁶8⁰-

86 1498 174 1579 fiam
182 1502 289 1581 Rom.
299 1504 500 1619 pugnavit,
515 1498 741 1581 contendens
750 1498 894 1581 haeteti-
912 1480 1084 1626 §2⁰25ss

87 1626 154 1679 cos
173 1598 217 1679 ad
233 1600 445 1681 catholicam
457 1600 638 1680 ecclefiam
645 1600 827 1693 reversos,
843 1626 900 1681 re.
917 1580 972 1707 αξξ
989 1644 1081 1711 ,Μ

87 1699 263 1801 baptizati
275 1724 461 1819 oportere.
486 1700 674 1805 Olimjam
686 1703 896 1805 exemplum
913 1727 981 1793 net.
1011 1748 1085 1793 con.

85 1800 161 1879 hoc
177 1800 375 1879 Donattstae
399 1798 612 1891 afferebant,
640 1800 702 1879 sed
721 1826 740 1879 a
756 1804 791 1882 8.
807 1806 893 1879 Αυ.
914 1810 1021 1874 stanter
1046 1834 1082 1879 u·

87 1924 288 1979 ousmun
320 1900 400 1979 satis
432 1896 485 1979 est
515 1898 741 2005 responsum.
812 1904 895 2081 (Rati
914 1894 1037 1957 nitatem

85 2004 195 2081 etiam
218 1998 310 2079 dum
331 2000 378 2078 de
398 1998 524 2101 baptis.
546 2024 672 2080 contra
692 2002 828 2083 Donati
859 2030 896 2081 as
914 1976 1071 2129 ΨΜ·

86 2096 304 2189 usuvenire,
334 2122 441 2197 atque
475 2099 549 2175 hnc
575 2098 692 2177 facere
710 2080 933 2183 sanitatemv

82 2204 183 2305 pacis
198 2199 305 2289 dicit,
321 2222 363 2275 ut
381 2224 467 2276 cum
485 2196 620 2275 diutius
633 2199 748 2299 aliqua
769 2200 897 2279 obscu-

85 2302 185 2377 riora
206 2318 442 2397 quaerunmr,
458 2300 497 2377 dt
515 2317 666 2399 propter
685 2301 896 2381 inveniendi

87 2396 335 2477 difficultatem
350 2394 507 2475 diversas
529 2398 673 2497 pariunt
688 2398 898 2482 infantema

87 2498 349 2599 disceptatione
374 2494 585 2587 sententiat,
616 2494 738 2577 donec
759 2498 805 2578 ad
832 2526 898 2581 ve·

88 2598 433 2699 rumliquidumque
448 2598 898 2699 perveniatur,vinculum

89 2722 210 2778 tamen
231 2696 333 2790 vult,
365 2720 408 2776 ut
427 2720 636 2797 permaneat
657 2702 820 2793 unitatiS,
846 2728 894 2783 ne

87 2802 126 2877 in
143 2822 245 2904 parte
257 2794 403 2905 praecisa
420 2821 602 2877 remaneat
611 2800 800 2909 insanabile
814 2800 894 2881 vul-

89 2927 159 2977 nus
188 2904 333 2979 erroris.
384 2900 535 2977 Homm
555 2922 662 2975 exem
689 2898 764 2977 lum
785 2903 834 2979 ibi
857 2906 893 2986 8.

90 3000 236 3078 Dodior
249 3004 287 3077 in
313 3002 346 3077 8.
367 2998 598 3077 cvmmno
621 2926 744 3077 haieti
768 3000 895 3086 atterit.

90 3100 202 3177 Unde
227 3121 324 3200 patet
351 3102 388 3176 8.
402 3098 591 3177 Cunnum
612 3100 714 3179 causa
735 3101 896 3181 nostram

90 3204 216 3301 potius
254 3198 388 3275 firmati
424 3198 655 3291 sententiam,
698 3226 763 3281 eos
804 3226 897 3282 veto

91 3298 272 3389 damnari,
289 3301 615 3396 qui,qnose1·rores
623 3304 660 3377 in
674 3300 815 3381 ecclesia
824 3328 900 3381 car·

117 3397 234 3477 endos
256 3420 449 3499 putarunt,
474 3424 559 3475 cum
579 3402 799 3500 proecifionis
826 3394 901 3480 sce·

91 3428 181 3587 iere,
207 3497 409 3595 erediaeqne
433 3522 542 3574 novae
564 3501 728 3579 ,ecclefiae
748 3504 900 3579 crimine

92 3599 329 3677 cumularunt.
391 3598 483 3699 Qto
509 3597 555 3673 de
576 3598 736 3679 facinore
760 3606 793 3679 S.
813 3602 900 3679 Au·

92 3722 325 3780 eusttuus
348 3696 435 3777 loco
454 3698 600 3778 anobis
627 3702 801 3785 laudnto:
826 3700 899 3783 Ni-

783 3822 850 3883 mi
