2250 4206
191 282 197 305 Ι
223 263 230 275 U

547 364 553 375 ·
1017 356 1025 365 ι

33 528 36 587 ;
166 492 908 603 ηιυεηιοοσιεακι,67,

33 720 42 765 a
93 688 177 749 tuta
194 668 319 771 sequi,
344 672 382 750 &
399 669 504 771 cujus
526 671 672 772 grentio
693 667 816 748 secure
834 694 907 754 noa

33 820 46 867 :
94 769 241 849 eredere
272 769 470 871 potiamur,
502 795 587 870 quae
617 773 656 847 in
688 771 905 852 universum

33 920 47 969 Ξ
94 872 224 947 orbem
240 869 410 971 dispersa,
426 870 511 947 inde
527 870 571 948 ab
584 869 756 974 apostolis
772 870 817 950 ad
835 898 906 955 nos

33 1022 47 1071 2
86 969 209 1071 ¹usque
233 969 431 1070 produeia,
454 973 491 1048 in
517 970 585 1049 hae
611 992 707 1049 tanta
730 970 906 1051 univeri-

33 1098 38 1173 ᾗ
91 1088 183 1157 tate,
200 1070 467 1174 antiquiate'que
491 1072 597 1153 unice
611 1091 731 1155 tamen
749 1070 906 1150 consen·

33 1222 46 1271 3
89 1166 232 1247 fionem
256 1172 385 1249 miram
401 1169 555 1273 praestat,
574 1169 906 1277 caetetisdog'ntati·

33 1320 43 1373 5
93 1267 155 1347 stis
172 1272 450 1361 innovantibua,
465 1272 705 1361 variantibus,
727 1276 905 1374 acpriva·

33 1426 40 1467 r
92 1388 153 1447 tos
179 1369 696 1459 conventus'instituentibus,
719 1371 805 1449 nihil
831 1371 903 1450 ho-

33 1520 36 1567 ,
90 1492 175 1545 rum
199 1471 463 1549 exhibentibus.
511 1473 628 1575 Atque
650 1471 795 1561 idcirco,
816 1470 900 1551 fini·

88 1592 149 1646 am
167 1579 253 1646 cutia
275 1573 502 1649 Vinci-:utto
521 1572 653 1675 sapius
669 1572 815 1651 laudato
831 1578 898 1666 (a),

87 1668 235 1745 monum
253 1664 363 1775 neceffe
376 1670 418 1775 est
432 1688 570 1777 propter
588 1690 701 1751 tantos
722 1692 795 1749 torn
809 1675 901 1751 varii

86 1774 213 1849 erroris
233 1772 424 1872 onjrniirot,
444 1791 483 1849 tn
542 1768 691 1872 aphorice
710 1776 754 1860 ξφ
774 1770 899 1873 oposto-

83 1866 156 1948 lica
184 1872 469 1974 interpretationis
499 1878 574 1947 ineo
584 1870 770 1974 secundnm
800 1871 899 1948 eccle-

71 1965 204 2085 fhstici
229 1977 272 2060 θ’
294 1970 446 2047 catholici
461 1969 578 2072 sensns
594 1995 747 2048 normam
768 1968 898 2075 diriga-

87 2087 209 2149 tur...
234 2068 349 2145 adhoc
367 2073 420 2144 ita
435 2066 568 2143 dnnnm
584 2067 667 2174 fiet,
674 2069 897 2173 stfeqttomnr

82 2170 206 2247 univer
215 2187 353 2257 notan,
375 2170 632 2269 antiquitatern,
653 2167 898 2271 consensionem.

79 2269 185 2375 Qtre
200 2266 322 2364 postea
334 2266 499 2368 explicat,
516 2287 624 2367 atque
637 2269 791 2372 regulas,
805 2293 896 2346 con-

82 2389 140 2449 tta
156 2364 229 2445 sese
245 2370 283 2444 in
304 2366 486 2443 ecclesiam
502 2368 682 2467 erigentes
703 2371 896 2461 novitates,

79 2492 124 2547 ac
148 2469 366 2546 variationes
382 2466 626 2558 instituentes,
650 2466 779 2558 tradit,
806 2493 897 2545 con-

80 2566 254 2647 formiter
263 2565 306 2645 ad
320 2594 373 2655 ea,
383 2592 468 2665 quae
481 2563 655 2647 hasteuus
671 2569 715 2646 ad
732 2590 896 2648 mentem

79 2671 197 2746 totius
213 2669 454 2768 antiquitatis,
468 2692 578 2767 quam
596 2667 653 2746 iile
669 2671 707 2746 in
718 2666 895 2746 suocom-

78 2770 285 2846 monitorio
322 2765 487 2869 sesequi
521 2764 662 2861 riserit,
694 2769 894 2862 attulimus,
1020 2808 1025 2819 ·

75 2868 173 2952 illius
212 2871 362 2949 inuam
402 2866 615 2977 apostolieae
660 2871 893 2970 antiquitatis,
965 2923 968 2933 -

79 2993 202 3068 quaea
225 2895 373 3049 Cssrristo
401 2971 439 3047 ὃ(
453 2966 625 3068 apostolis
652 2970 807 3050 verbum
834 2968 891 3049 di-

77 3072 209 3146 vinum
238 3064 444 3167 sacramque
477 3067 691 3171 scripturam
722 3069 890 3148 traditam
1001 3092 1006 3102 ’

75 3170 235 3268 accepit,
259 3170 298 3247 ἃ
330 3170 376 3245 ita
409 3167 613 3247 constanter
629 3167 820 3259 intellexit,
846 3192 890 3248 ac
930 3223 933 3228 -
1064 3192 1072 3199 ·

75 3269 309 3367 interpretata
335 3265 386 3343 est
409 3264 642 3347 taurinam:
668 3266 715 3347 de
746 3267 891 3350 eccieiia

74 3365 292 3470 apertiffime
312 3365 458 3445 infacta
479 3365 652 3471 scriptura
665 3390 891 3466 contentam,

75 3467 242 3574 utsupra
258 3465 494 3548 ostendimus,

440 3669 560 3767 Uu'4
681 3664 886 3775 capam,

122 3826 174 3904 (o)
195 3821 376 3892 Conuenit.
391 3816 453 3887 Lo.
476 3837 507 3888 a.
