2302 4184
228 376 242 405 s
385 354 388 359 .

171 534 759 621 rtntsrnaoocncctv.
826 560 897 637 59¹
1031 578 1037 587 .

130 704 200 787 vl.
224 703 303 803 lam
320 705 573 785 Lurnanus
596 706 792 810 Marpurgi
808 732 896 785 curn
912 718 1057 792 lleremn.

81 805 295 884 Zwtnomo
316 805 557 884 concordiam
586 807 738 885 molitus
766 805 837 897 est,
860 830 896 885 at
912 822 959 905 pur
990 815 1078 877 varia

86 908 364 984 communionis
402 905 548 984 dextras
599 905 664 985 fibi
701 930 747 983 ne
794 932 892 986 tunt.
912 911 1064 994 ⁰9⁰⁶⁰¹·.

84 1006 358 1109 Wittenbergac
373 1004 607 1109 praeterlapso
621 1004 705 1111 post
768 1030 894 1107 arpur-
911 973 1077 1122 gwh‘

134 1103 236 1183 nsem
261 1127 488 1183 conventum
516 1104 707 1209 septennio
742 1128 896 1184 concor·
912 1160 974 1219 qm
989 1103 1034 1204 0)

83 1130 185 1286 diam
208 1201 320 1283 iniille
347 1206 545 1284 Lornnms
580 1228 667 1283 cum
698 1204 896 1285 Bocano
912 1238 995 1287 mnes
1014 1220 1075 1289 suc·

86 1306 205 1385 videri
227 1327 397 1407 poterntt
421 1326 552 1382 verum
579 1307 694 1406 qualis
712 1304 774 1385 illa
787 1304 898 1385 fuerit
910 1305 987 1370 ceslu
1003 1327 1052 1370 ⁰²·

90 1429 164 1509 pax
191 1429 301 1505 quam
340 1404 504 1483 ficulneis
535 1426 627 1485 nexa
651 1404 824 1496 vinculis,
859 1405 1042 1483 ommi

87 1527 222 1586 ventus
239 1503 367 1583 docuit
385 1531 394 1580 ε
418 1531 502 1583 cum
519 1504 685 1599 Bocrnus
697 1504 900 1585 verborum

91 1605 186 1686 fucis
206 1606 244 1681 in
262 1627 454 1705 utramque
487 1627 627 1707 partem
651 1628 829 1709 vergens,
851 1630 901 1683 ε·

90 1705 245 1806 qualiter
266 1704 362 1804 apud
388 1727 580 1882 utratnpue
604 1726 764 1823 partem,
785 1709 902 1784 Saxo·

94 1830 180 1893 nes,
200 1808 238 1885 dr
258 1804 451 1884 Helvetios
460 1832 517 1884 ma
533 1830 590 1884 am
608 1807 726 1883 inierit
738 1807 901 1908 gratiam.

92 1905 137 1982 In
151 1905 256 1983 altera
280 1903 409 2009 Lipstae
427 1904 544 1983 habita
564 1899 732 2002 συζηπὶπι
750 1903 903 1983 charita-

92 2026 170 2084 tem
191 2003 254 2083 stbi
272 2025 404 2082 mutuo
419 2001 648 2095 obtulerunt,
664 1998 904 2083 nihilominus

95 2107 135 2183 in
169 2103 229 2182 sua
252 2102 425 2181 sententia
452 2100 686 2203 persistentes.
736 2104 842 2207 Quid
862 2107 902 2183 in

91 2204 281 2302 colloquio
300 2199 572 2278 Maulbrunenst
587 2201 830 2304 profecerint,
845 2228 905 2283 res

95 2303 234 2381 docuit.
284 2297 387 2376 Idem
402 2302 499 2403 pacis
513 2322 583 2478 per
600 2300 734 2379 librum
748 2325 906 2379 concor·

94 2403 166 2481 diae
193 2397 466 2477 meditationem
491 2426 511 2476 e
541 2398 643 2479 edus
672 2399 725 2477 est
751 2398 905 2483 secutus.

64 2574 66 2581 Α
93 2504 283 2604 Vergente
304 2497 490 2602 superiore
510 2498 643 2578 sarculo
670 2498 829 2579 Callellis
848 2504 906 2579 in.

96 2624 155 2681 ter
178 2600 375 2703 theologos
394 2600 637 2693 Rintelenses‚
674 2604 713 2682 dr
732 2604 907 2705 Marpur-

75 2694 227 2806 ‘genses
248 2704 285 2780 in
309 2698 497 2804 praesentia
519 2703 626 2778 etiam
649 2704 817 2780 virorum
836 2699 907 2777 ho·

97 2825 314 2880 noratomm
328 2799 378 2877 est
395 2798 558 2878 habitum
573 2798 821 2903 colloquium,
840 2824 906 2879 va·

96 2903 160 2980 riis
185 2903 291 2979 etiam
314 2897 505 2979 academiis
536 2898 615 2980 snas
640 2921 771 3002 operas
794 2905 911 2979 inten·
950 2916 952 2923 ·

97 3000 346 3100 ponentibus,
385 2998 594 3079 dolentibus
622 3002 798 3082 univerfis
827 3024 909 3081 non

98 3097 219 3177 solum
235 3103 330 3176 inter
351 3123 420 3175 nos
442 3104 478 3178 dr
494 3099 612 3219 ipsos,
635 3096 696 3178 sed
723 3105 830 3180 etiam
852 3101 910 3179 se·

97 3199 275 3299 metipsos
301 3199 436 3276 semina
469 3199 611 3295 linum,
653 3205 692 3281 ἃ
710 3199 909 3280 discordia·

100 3324 186 3375 rum
214 3297 485 3376 tristiffimarum
506 3298 625 3379 elles
664 3299 725 3378 rsa.
776 3304 910 3380 Utrim

99 3422 173 3500 que
191 3422 367 3501 magnum
397 3420 473 3476 erat
493 3403 590 3498 pacis
639 3398 849 3492 eldenium,
867 3405 908 3481 dt

99 3497 217 3575 videri
237 3521 378 3598 poterat
404 3499 509 3577 etiam
523 3499 657 3602 aliquid
677 3499 909 3603 profeflum:

100 3597 163 3677 sed
186 3597 317 3678 scilicet
338 3597 524 3690 hocerat,
543 3603 646 3701 quod
666 3601 751 3680 olias
768 3598 908 3688 accidit,

99 3696 250 3803 quando
264 3701 428 3802 optimus
437 3701 552 3806 etiem,
560 3700 612 3782 eli
630 3699 728 3783 visus
745 3721 912 3794 eventus,

817 3819 864 3880 ut
